1930 3294
924 262 1131 294 -2-

352 362 533 425 quibus
569 362 871 426 argumentis
918 362 1279 425 impugnaverit
1323 360 1569 410 theatrum
1604 378 1703 426 per-

353 438 572 502 pendere.
601 439 714 486 Non
747 438 880 501 quod
910 438 1038 502 apud
1074 450 1174 485 tam
1201 437 1479 487 dilucidum
1507 439 1703 503 scripto-

353 532 452 563 rem
475 516 661 579 aliquid
692 517 755 563 sit
787 515 864 563 vel
892 515 1086 563 obscuri
1117 515 1194 563 vel
1222 514 1388 563 solum
1425 515 1576 563 dubii.
1609 515 1702 564 Sed

352 594 546 642 novisse
564 604 807 656 quatenus
829 594 1005 640 rationi
1031 604 1077 640 et
1093 592 1379 656 disciplinae
1395 593 1594 641 Patrurn
1610 609 1704 641 cer-

351 671 511 733 tisque
535 670 771 718 Ecclesiae
799 669 857 717 de
874 669 962 717 hac
986 686 1031 717 re
1051 671 1315 734 praeceptis
1339 670 1485 717 fuerit
1502 686 1703 718 consen-

350 758 523 795 taneus
548 763 719 811 operae
742 749 954 811 pretium
982 758 1066 794 est.
1094 748 1200 794 Hoc
1227 748 1374 794 etiam
1403 746 1534 795 haud
1569 748 1701 811 parvi
1743 765 1756 770 ⁵

352 836 423 872 est
447 825 706 880 momenti,
736 841 860 872 num
886 835 1053 888 poetas
1085 834 1280 872 nostros
1305 825 1390 888 qui
1418 835 1526 872 tum
1565 823 1703 873 flore-

352 902 467 950 bant
489 913 612 950 recte
637 902 936 967 judicaverit,
967 902 1224 965 inquirere.
1251 902 1307 948 Et
1334 901 1589 966 complura
1609 901 1703 950 alia

350 979 407 1027 de
433 979 614 1043 quibus
636 979 820 1043 ambigi
849 990 1009 1043 potest
1036 978 1288 1042 explanare
1314 978 1512 1043 juvabit.
1728 979 1738 985 ⁸

413 1057 513 1104 Nec
531 1068 695 1104 tamen
720 1072 797 1104 me
825 1057 965 1120 fugit,
991 1073 1107 1104 curn
1128 1055 1186 1104 de
1215 1057 1272 1103 iis
1301 1072 1425 1119 quae
1455 1055 1514 1103 ad
1540 1071 1702 1104 mores

352 1135 624 1198 pertineant
639 1145 833 1182 tantum
850 1135 1026 1190 virum,
1041 1134 1227 1197 quique
1249 1132 1534 1197 disciplinae
1559 1132 1704 1182 chris·

350 1212 507 1258 tianae
534 1212 873 1275 magisterium
890 1221 1116 1267 exerceat,
1146 1210 1406 1275 aggrediar,
1438 1210 1540 1258 fore
1571 1222 1626 1258 ut
1651 1211 1697 1258 in

350 1290 501 1336 varias
526 1288 928 1352 reprehensiones
945 1289 1202 1335 incurram.
1221 1287 1537 1342 Quibusdam
1552 1288 1701 1343 enim,

350 1367 470 1413 etiis
495 1365 698 1429 quidem
713 1365 851 1413 valde
877 1365 1047 1422 doctis,
1072 1365 1166 1412 hoc
1191 1365 1392 1413 fortasse
1408 1363 1700 1428 displicebit,

351 1442 494 1490 illum
538 1444 789 1507 egregium
833 1444 1010 1498 virum,
1061 1459 1210 1506 quem
1250 1441 1391 1506 plane
1434 1442 1701 1506 perfectum

350 1520 574 1576 habeant,
602 1521 741 1583 quasi
760 1520 817 1567 ad
843 1520 1086 1585 judicium
1111 1521 1284 1567 vocari.
1312 1519 1356 1566 A
1382 1519 1564 1583 quibus
1589 1530 1700 1583 peto

351 1614 410 1644 ne
435 1599 668 1646 temerius
706 1597 1039 1661 indignentur.
1069 1598 1199 1644 Nam
1227 1596 1347 1644 adeo
1377 1613 1478 1644 non
1506 1607 1701 1646 tantum

350 1675 638 1739 episcopum
676 1686 958 1722 accusatum
992 1674 1136 1731 duco,
1171 1685 1224 1722 ut
1263 1674 1496 1721 eumdem
1536 1673 1703 1738 potius

349 1753 696 1816 gravissimum
723 1763 769 1799 et
791 1753 1002 1799 maxime
1022 1751 1260 1799 idoneum
1282 1762 1457 1799 testem
1480 1750 1699 1798 habeam.

350 1829 443 1876 Sed
493 1840 893 1892 quantacumque
919 1830 970 1876 in
1002 1828 1171 1892 aliquo
1206 1828 1412 1876 homine
1439 1829 1701 1876 auctoritas

349 1918 396 1953 et
424 1906 545 1953 fides
561 1917 646 1963 est,
666 1923 937 1970 quemnam
964 1917 1127 1954 tamen
1159 1922 1260 1953 non
1285 1905 1493 1970 fugiunt
1511 1916 1596 1953 aut
1621 1905 1703 1953 fal-

350 1982 459 2031 lunt
476 1983 746 2031 nonnulla?
767 1983 1117 2047 Errare—quid
1133 1984 1294 2031 tritius
1309 1985 1406 2030 ?—
1419 1982 1700 2030 humanum

349 2071 443 2117 est·‚
473 2077 560 2108 nec
588 2062 673 2124 qui
701 2077 802 2108 non
828 2060 980 2108 semel
1008 2077 1034 2108 a
1059 2077 1173 2108 vero
1202 2059 1477 2116 declinavit,
1500 2059 1582 2107 sed
1613 2061 1699 2123 qui

348 2137 609 2193 levissime,
635 2138 676 2185 is
708 2139 919 2185 maxime
949 2137 1244 2201 probandus.
1272 2138 1517 2185 Bossuetii
1552 2138 1702 2201 igitur

348 2230 447 2261 non
467 2214 719 2278 dignitatis
734 2215 911 2262 florem
929 2215 1209 2278 infringam,
1228 2216 1267 2262 si
1283 2215 1406 2262 forte
1428 2215 1619 2262 eveniet
1646 2225 1701 2261 ut

347 2291 510 2355 aliqua
540 2292 646 2356 ejus
677 2293 978 2356 argumentis
1015 2293 1197 2355 passim
1231 2291 1406 2339 addam
1435 2290 1700 2339 vel'detra—

347 2367 477 2424 ham,
522 2385 636 2416 cum
682 2370 977 2432 praesertim,
1008 2370 1058 2416 in
1108 2385 1304 2416 summa
1358 2379 1404 2416 et
1443 2369 1493 2415 in
1545 2369 1698 2432 capite

347 2462 524 2499 rerum,
599 2462 750 2494 unam
816 2446 1025 2494 litteram
1090 2455 1395 2493 commutare
1452 2444 1696 2510 relligioni

347 2522 567 2570 habeam.
595 2553 658 2558 —
680 2524 834 2571 Erunt
863 2535 1029 2571 autem
1057 2523 1260 2570 fortasse
1288 2523 1373 2586 qui
1399 2539 1477 2570 me
1505 2523 1554 2569 in
1583 2522 1718 2570 doc-'

346 2601 471 2647 trina
516 2599 777 2649 christiana
821 2616 1018 2648 morum
1055 2599 1275 2648 tollenda
1316 2599 1391 2647 vel
1426 2599 1698 2648 minuenda

347 2678 556 2740 pessime
572 2678 723 2726 facere
751 2689 1046 2742 tempusque
1071 2677 1244 2725 frustra
1259 2686 1504 2724 conterere
1519 2675 1696 2724 dicturi
