1930 3294
785 253 1019 306 -65-

222 362 585 426 reprehendisse
611 369 683 409 ¹.»
708 363 833 410 Nam
863 379 909 410 re
940 380 1047 410 vera
1085 364 1238 411 multa
1278 366 1424 412 etiam
1466 366 1557 414 alia

117 452 120 453 ’
160 462 169 464 -
218 439 267 486 in
297 439 425 491 ludis
463 441 584 487 vitio
611 439 741 495 dant,
761 439 1077 488 immodicam
1105 441 1287 488 scilicet
1315 441 1557 490 relaxatio-

145 520 157 529 '
216 531 331 563 nem
358 516 837 579 dissolutionemque
864 518 1031 572 animi,
1060 529 1106 564 et
1133 517 1350 566 libidinis
1377 535 1549 566 escam.

166 618 170 621 ·
192 584 502 640 'Adversario
524 609 636 640 xero
655 594 811 641 acrius
835 594 1034 649 instans,
1064 594 1179 642 haec
1209 606 1371 642 orator
1392 595 1555 643 addit:
1590 627 1594 631 ,

218 688 242 714 α
275 669 411 717 Num
449 686 620 734 negare
668 670 868 718 audebis
908 670 1023 718 haec
1070 673 1238 718 omnia
1268 688 1293 718 a
1332 671 1555 720 Patribus

213 747 419 811 graviter
440 748 666 802 accusari,
701 746 891 810 hosque
924 749 1134 795 accusari
1155 750 1293 811 quasi
1323 749 1556 812 periculo-

214 839 324 871 rum
363 839 556 871 ειεεηοε
598 825 683 888 qui
721 825 769 871 in
809 823 1007 872 theatris
1037 825 1131 872 fere
1170 828 1593 874 construuntur?

211 900 346 948 Num
377 917 548 964 negare
572 901 772 948 audebis
802 902 964 949 Patres
998 901 1073 949 vel
1114 919 1167 950 ea
1205 902 1410 950 honesta
1454 904 1555 967 ipsa

210 993 447 1030 accusare,
472 994 596 1041 quae
618 977 802 1042 flagitia
822 990 868 1026 et
889 978 1063 1027 scelera
1086 979 1373 1027 velamentis
1392 980 1558 1028 obvol-

213 1065 338 1102 vunt
389 1056 555 1118 eisque
608 1072 694 1119 pro
743 1056 1173 1103 commendatione
1219 1058 1369 1104 sunt?
1406 1058 1555 1104 Porro

146 1126 165 1179 '⁷
214 1147 338 1180 num
367 1148 540 1195 negare
564 1132 766 1180 audebis
789 1133 833 1180 S.
862 1133 1203 1197 Augustinum
1231 1135 1373 1181 istam
1402 1133 1556 1182 libidi—

212 1209 289 1256 nis
306 1208 677 1256 simulationem
698 1210 745 1255 in
771 1210 1041 1258 comoediis
1056 1210 1307 1258 deflevisse
1332 1222 1378 1258 et
1403 1212 1555 1258 animi

211 1285 500 1333 morborum
538 1286 768 1349 pestilens
811 1287 1054 1351 exemplar
1088 1299 1134 1334 et
1175 1287 1349 1336 fletum
1406 1304 1554 1351 quem

211 1365 377 1410 movet
417 1363 559 1410 nobis
612 1375 888 1411 nostrarum
930 1363 1193 1412 libidinum
1239 1376 1339 1412 tam
1389 1366 1559 1412 acriter
1624 1372 1625 1375 ’

210 1451 551 1490 renovatarum
581 1441 743 1504 imago
768 1452 814 1487 et
847 1441 1043 1488 tandem
1073 1441 1119 1488 id
1148 1443 1262 1489 artis
1286 1441 1554 1489 ludibrium
1612 1451 1614 1453 ’

208 1507 344 1580 quod
373 1516 700 1564 miserabilem
724 1518 946 1564 insaniam
975 1517 1289 1582 Augustinus
1319 1518 1435 1565 dicit
1455 1520 1505 1565 ²?
1527 1538 1549 1562 »

174 1631 178 1633 -
209 1594 339 1642 Cum
364 1610 477 1641 vero
505 1605 637 1640 tanta
654 1595 701 1640 vi
723 1593 1049 1642 adversarium
1078 1596 1395 1658 oppugnavit,
1425 1607 1555 1643 ratus

209 1687 259 1719 se
286 1687 401 1718 eum
423 1687 448 1718 e
471 1670 581 1718 loco
608 1671 902 1727 deturbasse,
933 1673 982 1718 in
1010 1671 1153 1719 aliam
1182 1683 1366 1736 partem
1402 1674 1556 1719 inten-

209 1749 307 1796 tius
334 1748 494 1795 instat.

215 1872 217 1874 ,
271 1824 513 1889 Equidem
530 1836 629 1872 tam
647 1824 953 1873 vehementis
979 1825 1288 1889 eloquentiae
1309 1827 1552 1890 impetum

206 1903 287 1949 vix
318 1903 556 1950 sustinere
597 1919 878 1965 possumus.
922 1902 1149 1950 Flumine
1176 1904 1308 1950 enim
1339 1904 1555 1967 rapimur

206 1995 259 2027 ac
282 1995 433 2043 paene
467 1980 750 2043 mergimur.
774 1979 926 2033 Quod
954 1981 993 2027 si
1020 1981 1246 2027 animum
1274 1981 1551 2044 recipimus,

262 2164 297 2190 1.
328 2152 379 2190 V.
398 2151 595 2199 Maximes,
618 2153 707 2191 XII.

258 2222 295 2249 2.
323 2209 422 2250 [bid.
454 2235 505 2239 -
540 2227 559 2247 «
594 2211 813 2264 Rapiebant
850 2225 914 2251 me
948 2211 1167 2264 spectacula
1197 2211 1398 2259 theatrica,
1438 2211 1553 2265 plena

203 2269 440 2323 imaginibus
454 2270 701 2309 miseriarum
726 2283 900 2309 mearum
919 2279 956 2309 et
974 2269 1180 2309 fomitibus
1199 2271 1300 2324 ignis
1322 2271 1415 2309 mei.
1439 2271 1548 2317 Quid

205 2337 263 2368 est
282 2329 389 2396 quod
411 2328 464 2367 ibi
482 2329 606 2368 homo
626 2330 710 2368 vult
734 2329 882 2378 dolere,
905 2342 997 2368 curn
1037 2339 1186 2382 spectat
1224 2329 1402 2368 luctuosa
1435 2339 1552 2383 atque

203 2388 367 2441 tragica,
386 2401 486 2442 quae
506 2398 637 2427 tamen
655 2389 733 2441 pati
751 2389 834 2441 ipse
856 2388 1066 2428 nollet?Et
1081 2398 1211 2427 tamen
1230 2389 1308 2442 pati
1322 2388 1408 2427 vult
1429 2402 1476 2428 ex
1496 2390 1552 2428 eis

205 2446 384 2486 dolorem
408 2456 617 2500 spectator,
644 2457 682 2486 et
702 2447 847 2486 dolor'
838 2461 922 2500 ipse
942 2456 1000 2486 est
1022 2447 1205 2501 voluptas
1228 2449 1326 2500 ejus.
1348 2447 1457 2494 Quid
1477 2457 1549 2496 est,

204 2506 279 2545 nisi
293 2506 525 2546 miserabilis
542 2507 721 2546 insania?
740 2507 842 2545 Nam
863 2519 910 2545 eo
929 2507 1052 2559 magis
1084 2507 1139 2545 eis
1160 2516 1344 2546 movetur
1366 2508 1549 2560 quisque,

205 2578 285 2618 quo
306 2566 438 2605 minus
467 2579 488 2604 a
520 2565 660 2604 talibus
683 2565 887 2604 affectibus
918 2579 1035 2604 sanus
1070 2575 1159 2604 est.
1198 2579 1422 2620 quanquam
1459 2562 1559 2605 cum'

204 2625 287 2677 ipse
305 2625 463 2677 patitur,
486 2625 666 2673 miseria;
686 2638 778 2663 cum
794 2624 878 2663 aliis
902 2626 1152 2677 compatitur,
1179 2624 1446 2663 misericordia
1473 2625 1549 2664 dici

204 2682 321 2723 solet.
342 2715 350 2722 .
369 2715 377 2723 .
407 2699 427 2720 n
446 2683 625 2737 Censen„
645 2683 711 2722 lib.
742 2685 811 2733 ΙΙΙ,
837 2697 922 2736 cap.
949 2685 998 2722 11.
