1930 3294
887 279 1121 323 ,42-

329 378 704 441 promptiusque
732 377 789 424 ad
816 376 1168 425 diversissimas
1191 389 1345 441 partes
1369 394 1503 425 :vera
1525 379 1672 442 igitur

328 466 399 501 est
449 455 626 518 imago,
699 453 773 501 vel
832 455 997 518 potius
1057 454 1295 502 excellens
1350 455 1672 503 humanitatis

328 532 703 587 documentum,
744 533 924 596 quippe
974 532 1123 595 quod,
1162 549 1274 580 cum
1310 549 1470 580 rerum
1499 531 1674 580 huma-

330 626 504 656 narum
542 609 878 673 spectaculum
916 610 1137 673 praebeat
1172 610 1485 666 intuendum,
1515 626 1674 658 exem-

330 686 469 751 plum
497 686 624 733 idem
650 698 890 750 proponat
917 703 1024 734 vere
1047 698 1093 734 et
1120 687 1265 751 digne
1295 686 1605 734 imitandum.

393 764 633 827 Equidem
667 764 961 813 Rodericum
988 766 1102 812 novi
1137 766 1185 811 in
1222 764 1337 812 alias
1373 765 1673 812 severiorum

329 841 550 907 judicum
602 842 985 905 vituperationes
1037 842 1214 890 cadere.
1267 842 1393 889 Nam
1444 843 1675 905 primum,

331 930 384 966 ut
423 920 575 975 aiunt,
612 920 780 966 virtuti
815 919 924 966 dare
964 930 1101 983 putat
1141 919 1274 982 quod
1311 918 1676 974 consuetudini,

329 1007 375 1044 et
414 1013 583 1060 pravae
617 996 820 1060 quidem
851 996 1200 1044 consuetudini
1233 996 1469 1044 concedit.
1500 997 1679 1060 Singu-

330 1074 424 1121 lare
460 1075 594 1121 enim
630 1085 873 1121 certamen
908 1073 1065 1121 scelus
1097 1074 1341 1121 nefastum
1375 1084 1460 1130 est,
1493 1073 1678 1121 nedum

329 1151 387 1199 ad
417 1151 578 1199 ullum
614 1153 850 1215 pertineat
880 1151 1115 1199 officium.
1148 1151 1414 1200 Rodericus
1440 1167 1553 1198 vero
1577 1149 1678 1198 falli

332 1240 504 1293 potest,
535 1240 590 1276 ut
616 1228 882 1286 humanus,
922 1229 1004 1276 sed
1037 1245 1269 1293 generose
1303 1227 1500 1276 fallitur.
1535 1227 1678 1276 Haud

331 1318 470 1370 turpe
495 1323 643 1354 errare
666 1317 763 1363 est;
786 1305 1051 1370 pulchrum
1075 1307 1231 1354 immo
1255 1322 1346 1354 suo
1368 1305 1677 1361 detrimento,

332 1384 378 1431 id
439 1395 509 1431 est
562 1383 815 1448 impendio
866 1383 1123 1440 felicitatis,
1177 1399 1340 1431 errare.
1398 1383 1511 1430 Non
1569 1383 1681 1430 facit

331 1461 597 1510 Rodericus
654 1478 797 1509 causa
853 1478 953 1517 sua,
1007 1478 1156 1524 quam
1192 1461 1276 1510 ¹ob
1331 1477 1430 1508 rem
1481 1460 1680 1508 fortasse

332 1539 513 1603 dignus
541 1550 612 1587 est
639 1540 724 1602 qui
753 1539 843 1587 sibi
869 1555 1044 1586 omnes
1072 1537 1314 1586 conciliet.
1342 1538 1490 1584 ——At
1514 1553 1681 1585 nonne

331 1616 481 1673 vides,
543 1616 669 1664 dicet
727 1617 884 1680 gravis
945 1632 1143 1663 morum
1198 1615 1495 1680 objurgator,
1549 1613 1683 1662 hunc

334 1696 580 1759 juvenem,
626 1711 740 1742 cum
793 1693 1060 1741 honestum
1110 1704 1353 1756 sequatur,
1403 1693 1572 1740 minus
1623 1691 1681 1740 ad

334 1772 554 1819 officium
605 1787 754 1835 quam
804 1771 861 1818 ad
911 1787 1129 1818 amorem
1191 1770 1455 1834 respicere?
1503 1770 1682 1817 Nonne

334 1849 579 1897 dicentem
624 1848 764 1896 audis
804 1849 972 1912 quanti
1014 1848 1254 1895 momenti
1295 1847 1387 1895 sibi
1427 1846 1584 1903 fuerit,
1624 1846 1682 1894 ad

336 1926 726 1990 amplectendam
772 1927 1020 1982 virtutem,
1061 1926 1241 1972 amicae
1276 1935 1520 1988 respectus
1546 1925 1684 1981 ¹?Ita

336 2021 465 2060 sane,
504 2020 667 2051 coram
708 2003 993 2059 Chimaena,
1033 2002 1254 2065 loquitur
1282 2002 1449 2066 (cujus
1482 2002 1563 2057 rei,
1599 2000 1683 2048 tali

337 2093 571 2145 tempore,
609 2082 940 2144 interpretatio
983 2079 1137 2127 facilis
1180 2081 1287 2142 est).
1331 2078 1423 2126 Sed
1467 2078 1684 2126 vidimus

337 2170 516 2214 tamen,
553 2175 667 2206 cum
707 2159 755 2205 in
796 2174 963 2205 secum
994 2156 1309 2204 deliberando
1338 2157 1387 2203 in
1424 2157 1686 2203 contrarias

339 2248 495 2300 partes
525 2247 624 2283 tarn
657 2234 914 2283 crudeliter
946 2234 1303 2290 distraheretur,
1324 2232 1685 2296 eumdem‚qu0

340 2315 495 2378 magis
535 2314 757 2361 animum
805 2312 862 2360 ad
906 2328 1139 2376 sponsam
1180 2311 1384 2367 referret,
1431 2326 1490 2358 eo
1532 2311 1687 2373 magis

339 2391 397 2439 a“d
451 2392 682 2439 virtutem
743 2390 945 2437 deficere
1005 2390 1187 2436 animo.
1249 2387 1400 2442 Quod
1458 2389 1497 2435 si
1553 2398 1686 2443 tunc,

398 2571 411 2597 1
423 2589 431 2596 .
581 2564 623 2598 Et
643 2572 677 2598 ta
697 2563 821 2598 beaute
829 2573 908 2598 sans
927 2563 1035 2597 doute
1049 2561 1235 2608 emportait
1248 2560 1281 2595 la
1296 2560 1450 2602 balance,

585 2617 617 2651 A
638 2617 756 2651 moins
769 2627 839 2663 que
853 2615 1037 2662 d’opposer
1051 2617 1070 2649 a
1086 2624 1138 2650 tes
1157 2614 1235 2661 plus
1251 2613 1338 2648 forts
1348 2624 1453 2660 appas

584 2670 706 2711 Qu'un
719 2670 866 2704 homme
877 2680 956 2704 sans
968 2669 1131 2703 honneur
1141 2676 1230 2703 nete
1245 2667 1395 2702 meritait
1409 2677 1482 2713 pas.

1311 2725 1566 2766 (vv.886-888.)a
