1930 3294
526 425 657 493 DE
712 425 1295 495 COMOEDIA

850 566 982 594 ETDE

0 582 46 814 {J
302 660 814 710 NOSTRATIBUS
875 661 1195 709 SCENICIS
1253 661 1511 710 Possrrs

543 793 653 828 QUID
685 793 974 836 JUDICAVERIT
1006 793 1273 824 BOSSUETIUS.

0 912 62 1169 ἑ
773 1115 990 1164 CAPUT
1022 1116 1042 1163 Ι

159 1270 181 1298 -’
266 1276 399 1316 QUAE
435 1264 606 1311 FUERIT
648 1279 712 1311 DE
745 1279 968 1312 THEATRO
1006 1278 1252 1312 BOSSUETII
1285 1278 1548 1312 SENTENTIA

296 1500 491 1549 Illustre
548 1513 620 1549 est
677 1502 924 1565 scriptoris
981 1502 1307 1565 propositum.
1358 1502 1579 1549 Errorem

152 1568 157 1569 ⁷
234 1578 370 1627 enim
409 1579 884 1642 perniciosissimum
913 1594 1013 1642 quo
1048 1578 1193 1625 multi
1227 1577 1458 1626 homines
1484 1578 1580 1626 fere

167 1654 174 1656 ”
235 1650 553 1719 implicantur
596 1656 798 1718 quique,
838 1671 952 1702 cum
999 1656 1282 1719 saepissime
1319 1656 1416 1719 jam
1441 1663 1579 1703 antea

231 1742 359 1780 esset
383 1733 572 1780 excisus
608 1731 691 1780 sed
730 1732 959 1780 nondum
1000 1731 1221 1788 evulsus,
1263 1733 1419 1796 magis
1460 1743 1578 1780 tunc

234 1809 564 1863 fruticabatur‚
616 1808 860 1856 extrahere
900 1808 1130 1856 radicitus
1177 1809 1269 1857 sibi
1307 1810 1576 1873 proposuit.

211 1880 361 1934 'Nam
396 1902 511 1933 cum
551 1885 799 1933 theatrum
838 1886 1086 1949 quispiam
1131 1902 1287 1949 nuper
1330 1886 1579 1949 probasset

215 1956 380 2026 ‘atque
401 1963 646 2018 suasisset,
671 1973 719 2010 et
734 1963 773 2010 is
795 1961 997 2025 quidem
1017 1961 1577 2018 sacerd08‚·sacerdotem

234 2055 451 2104 quoque,
473 2050 520 2087 et
537 2040 587 2086 in
604 2040 777 2103 primis
801 2040 1106 2103 episcopum,
1123 2037 1369 2086 theatrum
1392 2039 1579 2087 dissua-

233 2115 344 2165 dere
369 2117 630 2164 Bossuetio
651 2115 847 2180 placuit.
876 2117 920 2163 Is
947 2117 1098 2180 igitur
1123 2132 1229 2163 eam
1259 2117 1309 2163 in
1334 2132 1384 2163 se
1404 2118 1580 2180 gravis-

233 2194 411 2242 simam
439 2194 617 2257 recepit
643 2209 840 2240 causam
857 2194 943 2256 qui
965 2203 1012 2240 et
1038 2192 1321 2256 eloquentia
1337 2204 1384 2240 et
1409 2204 1576 2241 aucto-

234 2271 372 2318 ritate
405 2286 512 2318 earn
551 2269 804 2317 devincere
841 2281 1017 2333 posset.
1055 2269 1329 2333 Epistulam
1360 2271 1578 2333 primum

90 2378 93 2379 ν
132 2401 136 2403 ,
190 2337 200 2341 ’
233 2348 469 2411 privatam
514 2346 572 2394 ad
605 2347 796 2394 Patrem
843 2346 1092 2394 Caflarum
1122 2347 1270 2402 misit,
1307 2347 1450 2411 cujus
1498 2346 1579 2394 illa

212 2414 532 2472 ⁴Comoediae
575 2422 858 2478 defensio¹‚
888 2439 1012 2486 quae
1058 2439 1352 2487 magnopere
1393 2435 1577 2471 stoma-

290 2589 326 2616 1.
356 2577 477 2615 Lettre
503 2575 593 2615 d’un
624 2575 834 2629 The'ologien
866 2575 1010 2615 illustre
1022 2582 1096 2629 par
1123 2589 1161 2614 sa
1195 2575 1336 2629 qualite'
1351 2581 1384 2615 et
1415 2583 1485 2630 par
1514 2590 1576 2615 son

231 2635 371 2684 mbrite,
388 2634 549 2675 consulte·
562 2641 635 2689 par
657 2634 816 2674 l’auteur
829 2642 927 2689 pour
952 2634 1074 2674 savoir
1087 2635 1119 2673 si
1150 2635 1185 2674 la
1202 2634 1354 2674 come‘die
1386 2641 1472 2689 peut
1506 2637 1579 2674 e'tre

226 2694 383 2749 permise
400 2708 446 2733 ou
465 2694 539 2733 doit
561 2695 633 2734 itre
650 2693 876 2734 absolumcnt
894 2693 1081 2746 defendue.
1099 2693 1361 2733 MDCXCIV.
