1930 3294
941 255 1173 312 —30-

446 380 584 433 Quin
614 381 759 427 etiam
775 381 1063 427 Bossuetius
1087 392 1184 449 φη]
1216 398 1322 429 vere
1340 383 1387 429 in
1409 382 1495 430 hac
1524 384 1725 447 quidem

379 473 521 504 causa
550 458 765 517 Jansenii
807 458 1055 504 fautorum
1099 455 1199 505 n'on
1237 458 1400 506 solum
1441 460 1728 525 suffragator

379 533 461 581 sed
490 534 636 581 etiam
670 535 808 597 quasi
840 534 1114 598 discipulus
1152 546 1236 591 est,
1271 547 1325 583 ut
1354 548 1606 599 poetarum
1640 539 1725 602 qui

379 622 486 658 tum
515 610 754 658 florebant
775 613 1041 675 generatim
1072 613 1478 675 proscriptionem
1501 615 1725 663 statuisse

377 688 609 744 videatur,
635 690 802 736 minus
823 705 847 736 e
870 690 1061 752 propria
1091 706 1142 736 ac
1167 689 1545 753 diligentissima
1571 693 1728 740 crimi-

379 782 500 813 num
531 767 870 828 inquisitione,
904 783 1052 829 quam
1082 783 1105 813 e
1130 783 1250 830 vaga
1276 767 1488 830 quadam
1516 769 1727 817 recorda-

376 844 510 890 tione
532 844 643 890 etin
662 844 832 907 primis
849 860 903 890 ex
922 842 1258 907 exemplorum
1276 836 1579 908 inspectione
1597 862 1721 909 quae

376 920 446 967 illi
475 921 573 985 jam
600 931 740 967 antea
769 922 818 967 in
849 920 983 968 libris
1008 920 1322 984 protulerant.
1353 923 1467 969 Non
1493 923 1723 986 equidem

375 999 636 1045 committo
660 1009 714 1045 ut
741 996 1035 1045 contendam
1057 999 1372 1046 Bossuetium
1403 1016 1503 1047 non
1530 1001 1725 1049 novisse

375 1075 580 1131 Molerii,
623 1075 856 1131 Cornelii,
884 1076 1171 1138 Raciniique
1209 1076 1396 1124 fabulas
1438 1078 1531 1124 nisi
1566 1094 1621 1125 ex
1657 1078 1725 1126 eis

377 1152 496 1200 locis
510 1169 636 1215 quos
653 1152 824 1200 Nicole
842 1164 888 1200 et
901 1153 1047 1201 Conti
1064 1155 1270 1217 graviter
1290 1153 1695 1217 reprehenderant
1711 1172 1722 1212 ;
1776 1191 1778 1193 »

376 1247 477 1293 quo
508 1229 632 1277 nihil
662 1247 775 1277 sane
804 1230 897 1277 dici
933 1241 1096 1294 posset
1121 1230 1361 1279 obtusius.
1402 1231 1494 1279 Sed
1535 1248 1725 1295 persua-

375 1324 487 1355 sum
545 1307 701 1355 habeo
753 1307 886 1355 hunc
941 1324 1038 1363 eos,
1096 1309 1146 1354 in
1198 1307 1396 1355 illorum
1453 1308 1726 1357 comoediis

374 1384 680 1441 damnandis,
721 1386 1006 1448 praecipuos
1040 1385 1268 1432 habuisse
1311 1397 1545 1434 auctores.
1582 1386 1723 1441 Quae

374 1464 412 1510 si
438 1479 576 1510 secus
601 1474 775 1518 essent,
801 1462 1058 1526 quomodo
1084 1463 1324 1510 rationem
1347 1463 1540 1511 reddere
1565 1479 1725 1527 posse-

375 1557 486 1588 mus
502 1557 586 1587 cur
600 1539 858 1587 Moleriani
874 1539 1046 1587 theatri
1070 1556 1170 1587 non
1190 1541 1456 1603 quicquam
1483 1536 1720 1589 memoria

372 1628 533 1665 tenere
572 1617 793 1664 videatur
837 1618 931 1664 nisi
977 1637 997 1661 «
1040 1628 1139 1663 tam
1194 1618 1358 1681 impie,
1404 1628 1502 1664 tam
1553 1634 1722 1682 spurce

372 1695 498 1742 dicta
530 1702 539 1718 ¹
574 1714 614 1751 ›>,
645 1694 927 1742 Corneliani
969 1705 1133 1741 autem
1172 1694 1345 1742 theatri
1387 1694 1457 1742 nil
1496 1697 1721 1752 omninO,

374 1774 467 1820 nisi
500 1773 664 1820 nescio
696 1789 845 1835 quarn
873 1772 995 1819 falso
1030 1771 1260 1819 creditam
1279 1772 1555 1834 feminarum
1579 1772 1723 1820 idolo-

370 1850 554 1897 latriam
582 1856 595 1872 ²
613 1851 632 1896 ?
648 1850 733 1897 Sin
756 1860 920 1896 autem
939 1849 1062 1896 hanc
1085 1850 1415 1914 conjecturam
1443 1851 1719 1913 recipimus,

368 1928 613 1975 Bossuetii
666 1928 931 1974 severitatis
985 1926 1203 1990 expedita
1253 1937 1324 1974 est
1371 1928 1715 1990 interpretatio.

368 2005 495 2051 Nam
509 2005 624 2068 quia
653 2003 852 2067 Tartuffii
869 2003 1106 2051 omnibus
1129 2005 1177 2050 in
1197 2014 1427 2067 promptu
1451 2003 1719 2052 recordatio

426 2202 456 2228 1.
491 2187 689 2236 Maximes,
711 2189 765 2226 III
791 2202 798 2226 :
823 2204 842 2224 «
949 2187 996 2226 les
1008 2186 1167 2241 impie'ie's
1194 2191 1226 2226 et
1241 2186 1288 2226 les
1315 2186 1484 2240 infamias
1513 2186 1611 2226 dont
1631 2196 1722 2227 sont

368 2247 518 2301 pleines
539 2247 596 2287 les
616 2247 816 2286 comedies
837 2247 885 2286 de
906 2247 1091 2286 Moliere.
1111 2279 1117 2286 .
1137 2279 1144 2286 .
1167 2263 1186 2282 ›>

422 2320 458 2346 2.
491 2307 689 2356 Maximes,
709 2307 762 2345 IV
787 2321 794 2345 :
820 2323 839 2343 «
859 2307 971 2345 Ainsi
987 2315 1074 2345 tout
1092 2305 1125 2344 le
1149 2306 1305 2344 dessein
1324 2305 1418 2344 d’un
1449 2307 1582 2358 poete,
1609 2315 1719 2345 toute

366 2366 402 2405 la
423 2365 476 2405 fin
492 2366 540 2405 de
561 2379 633 2405 son
654 2366 804 2414 travail,
828 2365 922 2405 c’est
945 2365 1065 2419 qu’on
1088 2365 1177 2414 soit,
1199 2378 1356 2404 comme
1378 2378 1450 2403 son
1468 2365 1601 2413 heros,
1617 2365 1721 2418 epris
1771 2400 1774 2404 .

365 2426 434 2466 des
448 2425 568 2465 belles
591 2439 824 2478 personnes,
838 2426 946 2478 qu’on
969 2424 1016 2464 les
1028 2438 1126 2464 serve
1148 2438 1281 2463 comme
1303 2424 1361 2463 des
1376 2423 1595 2464 divinite's...
1620 2440 1639 2461 »
1657 2423 1718 2464 Cf.

367 2486 500 2532 Comi,
522 2485 646 2524 Traite'
661 2484 703 2524 de
718 2484 752 2524 la
773 2484 937 2524 Come'die
958 2499 965 2523 :
990 2501 1009 2520 ‹<
1023 2484 1203 2523 N’est-ce
1219 2498 1286 2537 pas
1309 2497 1360 2522 un
1377 2482 1532 2522 terrible
1550 2483 1625 2522 mal
1645 2497 1722 2536 que

367 2554 465 2584 cette
485 2544 651 2584 idolatrie
672 2558 748 2598 que
764 2553 939 2583 commet
963 2543 998 2582 le
1018 2557 1129 2583 coeur
1147 2544 1310 2582 humain
1333 2543 1428 2582 dans
1447 2556 1524 2581 une
1545 2542 1719 2582 violente
1752 2543 1762 2550 ”

366 2605 601 2657 passion?...
621 2606 679 2643 La
699 2606 861 2642 cre'ature
882 2617 900 2653 γ
921 2604 1036 2642 chasse
1055 2603 1152 2642 Dieu
1169 2602 1218 2641 du
1243 2616 1339 2641 coezcr
1360 2602 1401 2640 de
1425 2601 1607 2649 l’homme,
1624 2607 1719 2655 pour

362 2678 387 2717 y
407 2664 589 2703 dominer
610 2664 631 2702 a
651 2677 690 2702 sa
702 2663 826 2716 place,
842 2677 867 2715 y
888 2663 1063 2701 recevoir
1092 2663 1160 2702 des
1185 2661 1379 2701 sacrifices
1409 2671 1447 2700 et
1477 2661 1544 2700 des
1574 2660 1717 2700 adora-

366 2732 490 2762 tlonS.
509 2754 516 2762 .
536 2754 543 2762 .
574 2739 593 2759 »
