1930 3294
918 279 1152 322 -13-

363 407 510 454 quam
554 391 601 436 in
640 389 806 453 aliquo
835 389 1109 453 spectaculo
1137 389 1351 438 desidere
1382 408 1389 437 :
1419 401 1537 438 tunc
1575 392 1708 439 enim

362 484 444 531 per
469 466 774 531 voluptatem
802 466 991 514 facilius
1019 468 1136 514 vitia
1161 466 1446 531 subrepunt.
1472 467 1608 522 Quid
1631 485 1709 516 me

361 543 608 589 existimas
633 541 817 589 dicere?
838 541 1042 588 Avarior
1058 541 1214 597 redeo,
1234 541 1556 598 ambitiosior,
1574 541 1710 590 luxu-

362 620 549 675 riosior,
580 620 737 666 immo
760 635 874 666 vero
894 618 1136 666 crudelior
1163 630 1208 666 et
1234 618 1567 675 inhumanior,
1593 620 1708 683 quia

362 697 486 743 inter
512 696 743 744 homines
779 696 897 743 fui...
932 696 1093 744 Nemo
1121 707 1391 744 nostrum...
1415 696 1533 744 ferre
1560 697 1709 761 impe·

361 785 468 821 tum
506 774 742 821 vitiorum
773 784 872 820 tam
914 789 1098 838 magno
1125 774 1361 820 comitatu
1398 774 1707 822 venientium

360 862 519 915 potest
550 857 576 898 ¹.
613 870 635 895 »
671 851 800 898 Haec
835 851 929 899 fuit
959 851 1063 899 sine
1100 850 1252 898 dubio
1293 850 1420 915 apud
1454 851 1706 900 Romanos

360 928 750 992 spectaculorum
779 929 939 992 pestis.
967 927 1120 982 Quod
1142 929 1181 975 si
1206 938 1431 975 nostrum
1456 927 1704 976 theatrum

360 1005 571 1069 pericula
596 1006 746 1070 paulo
778 1007 1004 1069 pauciora
1029 1004 1106 1052 vel
1135 1004 1307 1052 saltem
1338 1006 1529 1052 minora
1555 1005 1704 1053 faces-

359 1084 433 1138 sit,
463 1083 590 1147 apud
621 1100 711 1131 nos
751 1099 950 1146 quoque
986 1083 1254 1130 mixtorum
1303 1083 1523 1130 virorum
1563 1093 1707 1147 atque

359 1159 625 1208 mulierum
665 1159 913 1208 celebritas
942 1177 1043 1207 non
1073 1161 1178 1207 sine
1212 1159 1428 1223 periculo
1475 1170 1558 1207 est.
1599 1160 1707 1208 Nisi

357 1238 477 1285 forte
504 1254 699 1301 prorsus
724 1237 967 1286 obsolevit
994 1236 1117 1285 illud
1160 1236 1293 1301 quod
1340 1237 1397 1284 de
1431 1237 1628 1285 feminis
1655 1238 1705 1284 in

356 1315 543 1363 theatro
571 1315 900 1363 assidentibus
936 1315 1030 1364 fuit
1054 1313 1175 1362 olim
1204 1330 1374 1362 verum
1402 1332 1410 1361 :

459 1428 688 1481 Spectatum
715 1428 894 1477 ve'niunt,
928 1428 1097 1467 veniunt
1127 1436 1354 1481 spectentur
1378 1436 1420 1467 ut
1439 1427 1547 1480 ipsae
1561 1435 1592 1483 ²,

356 1546 401 1582 et
422 1535 479 1582 de
507 1534 771 1600 juvenibus
799 1551 1000 1598 quoque
1024 1534 1146 1582 illud
1172 1533 1294 1581 olim
1329 1533 1451 1582 bene
1494 1533 1704 1598 explora-

354 1622 461 1660 tum
488 1629 496 1659 :

459 1737 704 1789 Respiciunt,
731 1736 936 1791 oculisque
957 1745 1096 1776 notant
1118 1736 1193 1776 sibi
1211 1736 1379 1790 quisque
1402 1735 1577 1790 puellam

459 1803 592 1849 Quam
610 1801 720 1851 velit,
743 1811 781 1841 et
797 1802 916 1842 tacito
935 1811 1095 1856 pectore
1113 1801 1236 1842 multa
1253 1811 1432 1841 movent.

467 1898 1587 1908 ··········································

459 1920 569 1974 Elige
591 1922 654 1960 cui
676 1921 781 1961 dicas
801 1935 810 1960 :
837 1930 878 1960 tu
896 1921 995 1960 mihi
1014 1920 1097 1960 sola
1117 1920 1248 1974 places
1270 1927 1298 1960 3.

415 2035 571 2091 Quae,
621 2036 709 2082 etsi
762 2034 1023 2083 veniebant
1072 2035 1319 2098 scriptoris
1362 2035 1412 2081 in
1461 2044 1694 2090 mentem,

351 2123 543 2176 propter
572 2129 679 2159 eam
705 2128 801 2175 qua
826 2112 920 2160 fuit
947 2112 1101 2159 animi
1129 2112 1429 2176 gravitatem,
1459 2127 1560 2158 non
1587 2126 1697 2174 pro-

351 2190 467 2236 ferre
505 2189 692 2237 maluit.
733 2189 1112 2254 Argumentatio
1148 2190 1282 2236 enim
1314 2199 1411 2235 tam
1451 2187 1594 2251 plena
1627 2198 1699 2235 est

351 2277 405 2313 ut
433 2266 556 2313 nihil
584 2266 694 2314 addi
726 2268 892 2330 possit.
923 2266 1014 2314 Sed
1044 2265 1166 2314 illud
1208 2266 1489 2329 praesertim
1533 2264 1700 2312 viden-

349 2344 468 2391 dum
488 2355 574 2399 est,
600 2343 678 2390 hic
699 2344 847 2391 etiam
870 2344 1202 2399 Bossuetiu'm‚
1226 2342 1359 2406 quod
1378 2342 1529 2390 facere
1558 2341 1697 2398 solet,

349 2421 406 2469 de
426 2422 647 2468 minimis
682 2437 783 2468 non
812 2431 1079 2477 curantem,
1110 2421 1160 2467 in
1188 2419 1401 2468 mediam
1428 2418 1700 2467 dimicatio-

406 2564 439 2591 1.
470 2553 610 2591 Senec.
632 2551 680 2590 ad
698 2550 820 2591 Lucil.
846 2550 1003 2604 epistul.
1026 2551 1116 2590 VII.

402 2623 439 2650 2.
473 2610 614 2659 Ovid.,
636 2610 743 2650 Artis
760 2615 893 2659 amat„
920 2611 950 2649 Ι.
974 2634 1026 2639 -
1050 2609 1111 2650 Cf.
1132 2609 1235 2663 apud
1253 2607 1473 2648 Tertullian
1493 2622 1501 2647 :
1520 2623 1539 2645 α
1553 2607 1697 2647 Videre

347 2679 385 2709 et
408 2670 530 2709 videri
545 2669 646 2710 velle
663 2670 838 2723 ejusdem
856 2669 1032 2709 libidinis
1046 2679 1104 2709 est
1122 2684 1159 2708 >›.

405 2742 439 2780 3.
472 2729 587 2783 Apud
611 2729 751 2779 Ovid.,
777 2728 854 2768 loc.
879 2729 984 2769 citat.
