1930 3294
870 236 1110 292 ...58-

309 345 694 394 conformandos
713 346 934 410 praebere
954 346 1233 403 utilitatem,
1251 346 1444 395 tamdiu
1471 347 1659 396 Racinii

308 423 487 471 fabulis
542 425 590 470 in
650 424 913 488 juvenibus
965 423 1282 472 instituendis
1333 423 1507 471 locum
1550 423 1660 472 dare

308 501 453 548 nobis
529 500 705 548 licebit.
777 502 905 549 Haec
1003 502 1152 565 igitur
1203 517 1348 565 opera
1411 502 1660 566 juventuti

305 578 362 626 ad
439 577 705 642 legendum
774 578 1022 626 tradamus
1093 597 1115 623 «
1181 594 1281 626 non
1369 579 1661 626 minutatim
1734 592 1739 598 ¹

307 656 471 711 incisa,
504 655 597 703 hoc
636 666 707 703 est
759 672 860 703 non
901 672 1053 703 unam
1093 666 1177 703 aut
1227 654 1442 711 alteram,
1476 655 1655 703 Andro—

306 733 483 780 machae
521 743 637 796 puta
672 743 755 780 aut
788 733 968 794 Bajazet
1003 747 1188 787 scenam,
1226 749 1250 780 a
1292 731 1492 796 reliquis
1526 731 1663 780 avul-

307 827 411 858 sam
471 821 518 857 et
573 810 844 874 abruptam,
887 809 968 857 sed
1024 811 1271 875 integrum
1332 826 1458 873 opus
1510 811 1664 857 conti-

308 898 492 943 nenter,
546 898 592 934 et
643 888 782 950 quasi
827 904 930 935 uno
985 888 1194 951 spiritu¹
1205 926 1277 934 .....
1321 906 1343 931 ))
1403 887 1479 935 Sic
1528 887 1661 935 enim

306 965 596 1013 Bossuetius
621 964 679 1012 de
693 964 911 1028 Vergilio
935 965 1087 1012 facere
1104 964 1404 1012 instituebat.
1434 963 1520 1012 Ille
1546 980 1662 1012 vero

309 1043 393 1106 qui
416 1053 516 1089 tam
539 1042 744 1106 perfecte
775 1043 824 1088 in
855 1042 1155 1090 nostratibus
1183 1041 1355 1089 litteris
1385 1041 1661 1105 Vergilium

307 1119 698 1182 Terentiumque
736 1119 987 1166 renovavit
1019 1135 1070 1166 ac
1106 1118 1449 1187 redintegravit
1483 1118 1664 1183 dignus

309 1207 380 1244 est
419 1197 655 1244 nimirum
697 1197 782 1260 qui
825 1213 925 1243 non
968 1197 1136 1244 minus
1182 1196 1512 1259 obsequenter
1550 1206 1664 1243 trac-

310 1285 452 1322 tetur.

368 1417 474 1477 Jam
514 1432 628 1463 vero
668 1415 1058 1480 intellegendum
1108 1427 1180 1463 est
1229 1416 1504 1471 Racinium‚
1546 1415 1662 1479 pari-

310 1506 479 1557 terque
511 1493 802 1541 Cornelium
830 1510 881 1540 ac
908 1493 1189 1549 Molerium‚
1222 1509 1337 1540 cum
1365 1503 1535 1556 poetae
1567 1494 1667 1540 sint

310 1572 503 1635 egregii,
544 1586 707 1618 veram
735 1581 880 1634 atque
923 1569 1200 1619 absolutam
1230 1571 1355 1617 vitae
1396 1571 1664 1634 imaginem

310 1648 588 1696 reddidisse.
604 1648 717 1695 Vita
733 1664 876 1711 porro
895 1664 1054 1711 neque
1077 1664 1237 1695 unum
1261 1647 1477 1695 colorem
1503 1646 1664 1701 habet,

312 1742 400 1774 nec
428 1725 593 1773 solum
623 1725 832 1772 formam
856 1726 1085 1772 eximiam
1104 1725 1335 1781 ostendit,
1360 1724 1458 1780 sed,
1478 1740 1525 1772 re
1548 1725 1665 1788 ipsa,

311 1803 430 1851 boni
491 1813 538 1850 et
603 1802 719 1850 mali
781 1803 1105 1866 permixtione
1169 1813 1272 1849 tota
1327 1801 1666 1865 conglutinata

310 1880 515 1928 videtur.
551 1880 653 1927 Aut
692 1881 842 1944 igitur
881 1895 1148 1927 renuemus
1177 1880 1224 1926 in
1263 1895 1356 1926 usu
1397 1878 1667 1926 considera-

311 1959 548 2020 tioneque
594 1957 720 2004 vitae
758 1955 944 2020 aliquid
995 1957 1153 2003 inesse
1195 1955 1329 2019 quod
1369 1955 1426 2003 ad
1474 1955 1666 2003 cultum

314 2046 541 2082 nostrum
595 2033 850 2089 conducat,
915 2044 999 2081 aut
1050 2032 1422 2080 concedendum
1476 2033 1565 2080 erit
1615 2033 1666 2079 in

313 2111 502 2159 theatro
542 2112 690 2158 etiam
732 2110 919 2174 aliquid
964 2109 1188 2157 utilitatis
1233 2109 1291 2157 ad
1335 2126 1496 2157 mores
1536 2126 1668 2157 exco-

315 2188 488 2236 lendos
514 2189 722 2252 reperiri.
750 2187 957 2235 Constat
982 2204 1096 2235 sane
1120 2186 1244 2234 hanc
1271 2186 1534 2234 utilitatem
1566 2203 1667 2234 non

313 2265 538 2313 eamdem
561 2265 798 2313 omnibus
826 2281 943 2312 esse.
976 2263 1422 2318 Quemadmodum
1452 2264 1586 2310 enim
1617 2264 1665 2310 in

318 2362 340 2387 «
371 2342 560 2390 theatro
594 2354 828 2389 terrarum
867 2341 999 2389 orbis
1025 2347 1039 2365 ²
1070 2360 1112 2397 ³),
1143 2341 1222 2388 alii
1252 2341 1396 2388 bonis
1433 2339 1668 2403 exemplis

317 2421 527 2467 maxime
568 2420 852 2475 invitantur,
892 2418 972 2465 alii
1015 2434 1145 2474 vero,
1197 2419 1427 2482 pravitate
1466 2417 1523 2464 ad
1564 2418 1669 2464 imi-

315 2497 521 2544 tandum
555 2497 817 2560 proposita,
850 2495 1039 2543 facilius
1069 2496 1117 2541 in
1145 2496 1262 2542 vitia
1295 2494 1572 2550 decurrunt,
1602 2495 1668 2541 sic

375 2643 408 2669 1.
443 2631 500 2669 De
519 2629 685 2669 Institut.
710 2628 864 2683 Delph„
887 2628 965 2668 loc.
993 2628 1098 2668 citat.

373 2701 410 2728 2.
443 2689 586 2735 Quint.
612 2689 722 2728 Curt.
