1930 3294
811 266 1047 309 ÷33-

250 381 393 429 opere
414 363 633 412 offendit.
663 364 766 411 Hoc
795 375 866 411 est
892 366 1025 411 enim
1044 366 1257 411 maximo
1285 376 1590 429 argumento,

250 441 383 505 quod
412 441 526 505 haec
561 440 734 495 fabula,
769 457 882 488 cum
920 457 1110 504 semper
1141 440 1430 490 christianos
1463 443 1592 488 viros

250 518 558 566 conturbavit
597 529 643 565 et
681 517 921 573 alienavit,
950 529 1058 565 tum
1103 518 1391 582 Relligionis
1434 519 1594 566 inimi-

106 643 111 647 ,
251 596 476 643 cissimos
508 595 833 646 amicissimos
867 593 1038 642 habuit
1074 605 1120 642 et
1149 595 1330 659 gaudio
1368 595 1591 659 perfudit.

180 680 206 720 r·
255 671 413 719 Causa
455 687 568 719 vero
596 671 852 719 manifesta
885 682 969 718 est.
1005 671 1150 728 Nam,
1190 683 1245 719 ut
1274 684 1414 720 antea
1453 688 1593 736 saepe
1634 727 1635 730 Ἴ

179 734 187 740 “
251 747 439 796 dictum
481 759 566 802 est,
606 759 747 812 poeta
787 747 958 796 falsam
1001 748 1089 796 vel
1125 765 1319 812 pravam
1363 750 1593 813 pietatem

189 869 199 879 ,
252 824 511 890 depingere
551 842 652 872 non
693 837 892 889 poterat,
926 826 1018 873 nisi
1063 842 1200 873 verae
1237 843 1289 873 ac
1320 826 1594 890 probandae

220 919 222 921 ’
253 903 444 967 pietatis
469 903 701 966 speciosis
735 902 995 950 coloribus.
1032 902 1123 950 Sed
1155 902 1386 950 homines
1428 903 1596 951 simili-

252 979 424 1028 tudine
451 981 549 1026 veri
575 979 712 1027 facile
739 981 1010 1043 capiuntur,
1034 991 1080 1027 et
1097 980 1389 1043 complures,
1405 980 1595 1029 hebetis

0 1048 21 1122 ᾗ
38 1044 45 1124 ἠ
96 1088 100 1090 -
252 1055 454 1120 quidern
478 1057 678 1120 ingenii,
705 1073 791 1120 pro
819 1058 993 1120 pietate
1021 1068 1314 1120 putaverunt
1335 1057 1471 1121 quod
1500 1059 1594 1121 pie-

12 1144 15 1146 ’
40 1127 42 1129 ’
254 1133 366 1180 tatis
395 1134 642 1196 corruptio
675 1144 773 1180 erat
799 1133 873 1180 vel
904 1149 1094 1181 merum
1123 1134 1456 1181 simulacrum.
1488 1135 1596 1182 Hoc

252 1225 366 1258 vero
413 1210 614 1257 forsitan
670 1210 928 1257 ferendum
979 1211 1054 1266 sit,
1074 1227 1187 1258 nam
1229 1211 1442 1275 denique
1502 1228 1595 1259 suo

254 1287 462 1350 quisque
491 1282 704 1350 periculo
730 1286 910 1335 stultus
935 1299 1019 1335 est.
1044 1287 1151 1342 Sed,
1170 1287 1217 1335 id
1233 1289 1441 1352 gravius,
1462 1289 1596 1352 quod

219 1404 225 1408 .
254 1362 426 1427 multis
451 1363 620 1411 hostili
648 1365 816 1411 animo
844 1365 893 1411 in
930 1364 1258 1429 Relligionem
1306 1366 1462 1429 ipsam
1496 1367 1598 1413 ani-

203 1487 207 1494 ,
255 1438 399 1488 matis
424 1440 511 1487 hac
538 1440 793 1488 comoedia
817 1441 915 1488 dari
943 1441 1037 1489 tela
1058 1441 1298 1489 videntur.
1327 1443 1453 1490 Nam
1482 1445 1603 1510 quia

220 1517 322 1566 mibi
362 1519 412 1564 in
459 1517 750 1582 Relligionis
797 1520 1079 1566 auctoritate
1119 1518 1325 1566 stultitia
1368 1519 1613 1589 improbi-¹

250 1605 422 1658 tasque
447 1594 698 1650 delitescit,
727 1595 937 1660 Relligio
961 1596 1076 1659 ipsa,
1100 1606 1155 1643 ut
1176 1597 1457 1660 opinantur,
1482 1598 1596 1644 istas

222 1711 226 1715 .
254 1672 420 1735 recipit
448 1683 619 1735 pestes,
647 1672 724 1719 vel
750 1672 915 1735 potius
946 1674 1104 1737 gignit
1143 1685 1189 1720 et
1222 1673 1319 1721 alit.
1349 1675 1406 1721 Et
1432 1675 1596 1722 statim

253 1764 420 1796 secum
456 1751 864 1796 commurmurari
906 1766 1147 1797 sacrarum
1188 1766 1350 1798 rerum
1383 1762 1599 1799 contem-

254 1837 416 1890 ptores
447 1825 568 1873 illud
601 1827 1059 1890 pervagatissimum
1092 1845 1101 1874 ε

453 1938 628 1978 Tantum
652 1938 820 1993 Relligio
849 1940 980 1992 potuit
1002 1940 1163 1980 suadere
1180 1939 1375 1980 malorum
1393 1948 1420 1980 ¹.

0 2035 35 2102 ζ,
320 2043 387 2089 Ex
430 2042 574 2090 altera
617 2054 782 2090 autem
827 2055 955 2106 parte
1005 2043 1235 2108 relligiosi
1270 2044 1498 2093 homines
1547 2047 1597 2093 in

0 2113 17 2171 Ξ
256 2119 471 2183 periculo
547 2120 747 2167 fortasse
822 2133 1074 2168 versantur
1147 2138 1207 2169 ne
1281 2122 1600 2170 subdiffidant

0 2197 52 2256 Β
140 2212 143 2213 ’
256 2196 477 2244 moribus
516 2197 812 2260 quibusdam
864 2199 1007 2245 sacris
1059 2215 1110 2245 ac
1174 2199 1361 2251 ritibus,
1417 2199 1598 2262 quibus

255 2284 394 2320 antea
439 2275 652 2338 ingenue
703 2276 1006 2338 graviterque
1056 2276 1330 2331 utebantur,
1378 2287 1423 2323 et
1475 2292 1598 2339 quae

0 2349 30 2427 §n
257 2351 396 2413 quasi
436 2350 623 2414 polluta
666 2351 733 2398 eis
778 2368 909 2398 nunc
936 2351 1165 2399 videntur
1191 2354 1285 2400 isto
1314 2353 1517 2416 profano
1553 2364 1600 2400 et

2 2439 16 2459 *
211 2431 217 2437 '
257 2426 463 2491 indigno
502 2444 609 2475 usu.
657 2428 996 2482 Quamobrem
1038 2445 1097 2476 ne
1140 2429 1324 2477 similes
1359 2429 1598 2477 Tartuffio

0 2477 14 2518 Ε
96 2559 103 2562 ‚
258 2504 369 2559 sint,
416 2505 584 2552 ceteris
625 2506 769 2552 etiarn
831 2505 1121 2553 Christianis
1176 2506 1438 2554 similiores
1494 2523 1598 2554 esse

0 2566 23 2687 ἵ
258 2597 407 2645 paene
435 2582 532 2645 jam
560 2581 801 2629 dubitant.
836 2582 973 2630 Adde
1001 2582 1150 2646 quod,
1183 2584 1221 2630 si
1251 2585 1347 2630 veri
1380 2594 1426 2631 et
1464 2583 1599 2631 abso-

0 2689 25 2731 ἓ.

317 2717 333 2745 1
342 2735 352 2744 .
385 2705 540 2746 Lucret.

1462 2773 1474 2799 3
