1930 3294
811 262 1046 304 -71-

249 356 420 406 saltem
461 368 508 405 et
542 356 600 404 ad
636 356 826 405 Molerii
866 357 1141 406 fabularum
1187 359 1367 406 bonam
1408 370 1591 422 partem

248 444 298 482 et
329 433 386 482 ad
421 433 774 482 Cornelianum
811 435 1235 499 Racinianumque
1267 446 1431 483 totum
1464 434 1592 483 thea-

189 506 195 510 ’
248 521 383 558 trum
430 512 603 558 attinet
627 510 914 559 —illorum
939 512 1208 560 comoediis
1234 529 1393 575 neque
1424 532 1447 557 «
1482 529 1593 576 ope-

247 589 460 637 rationes
521 587 763 651 verbaque
823 590 981 653 turpia
1031 589 1103 637 vel
1157 591 1329 637 nociva
1390 609 1412 634 »
1472 606 1591 645 esse,

248 681 410 729 neque
438 681 660 728 unquam
692 685 713 709 «
744 666 1026 729 gravitatem
1054 666 1436 714 animitotaliter
1451 665 1593 714 resol-

246 743 295 789 vi
323 761 366 789 ιι.
390 742 444 789 In
473 741 567 789 hoc
590 758 705 789 vero
735 741 879 790 latius
905 759 995 790 nos
1022 743 1223 802 fundere
1258 760 1357 791 non
1385 743 1588 807 expedit.

190 841 195 847 ⁴
244 818 383 867 Nihil
434 820 567 867 enim
627 818 769 866 nobis
824 819 1022 884 longius
1081 820 1272 868 videtur
1333 837 1482 884 quam
1538 832 1592 868 ut

245 895 451 944 demum
477 895 536 943 ad
562 895 608 943 id
632 897 890 944 veniamus
915 898 963 944 in
993 913 1109 960 quo,
1133 909 1187 944 ut
1209 899 1273 944 ita
1295 897 1467 953 dicam,
1494 914 1592 946 ver-

242 973 363 1022 titur
386 972 530 1020 cardo
557 972 668 1021 litis.

189 1076 201 1100 1
270 1049 275 1053 ’
308 1051 631 1114 Posteaquam
662 1052 794 1098 enim
824 1051 1110 1099 Bossuetius
1141 1050 1266 1099 hanc
1287 1058 1450 1110 jtotam
1478 1051 1591 1099 deli-

181 1155 184 1158 *
245 1127 546 1176 berationem
580 1129 848 1175 accuratius
878 1127 1072 1184 evolvit,
1111 1128 1233 1176 illud
1270 1130 1452 1176 sincere
1489 1145 1594 1193 pro-

227 1205 442 1252 nuntiat
465 1222 472 1251 :
500 1224 523 1249 ι(
549 1204 779 1252 Attamen
801 1205 1140 1252 confitendum
1164 1216 1235 1253 est
1257 1205 1400 1253 illum
1428 1207 1590 1253 virum

245 1280 508 1345 paululum
547 1281 838 1337 discessisse,
879 1283 953 1330 sin
995 1283 1163 1330 minus
1206 1299 1232 1329 a
1268 1284 1590 1346 pristinorum

244 1358 442 1406 Patrum
478 1360 732 1406 sententiis
766 1360 897 1422 ipsis,
931 1371 977 1406 at
1014 1371 1136 1407 certe
1168 1359 1227 1407 ab
1259 1376 1431 1407 eorum
1462 1376 1592 1407 com·

245 1436 387 1484 muni
412 1435 675 1484 verborum
704 1452 838 1483 more
861 1435 920 1483 de
959 1436 1344 1484 oblectamento¹
1375 1456 1415 1484 )).
1448 1437 1591 1485 Haud

244 1513 347 1561 scio
372 1529 449 1569 an,
478 1529 525 1560 re
551 1528 674 1568 vera,
703 1512 862 1560 multo
897 1515 1051 1577 magis
1083 1530 1109 1560 a
1149 1514 1348 1561 Patrum
1382 1513 1459 1561 vel
1487 1531 1592 1562 sen-

245 1591 413 1638 tentiis
448 1591 566 1654 ipsis
603 1590 760 1637 Divus
794 1590 1013 1638 Thomas
1052 1592 1101 1638 in
1141 1607 1194 1638 ea
1233 1607 1280 1638 re
1319 1591 1591 1640 discesserit

244 1683 395 1730 quam
441 1667 729 1715 Bossuetius
776 1667 1030 1731 significat.
1079 1668 1207 1715 Nam
1256 1669 1295 1715 si
1347 1667 1591 1733 paulisper

245 1743 396 1792 modo
422 1743 595 1791 oculos
619 1745 941 1809 conjiciemus
968 1746 1019 1791 in
1043 1743 1267 1792 locorum
1292 1744 1591 1809 prolationes

244 1837 371 1884 quos
413 1821 702 1868 Bossuetius
748 1820 924 1877 laudat,
974 1822 1116 1870 nobis
1164 1833 1382 1870 occurret
1426 1824 1590 1870 statim

243 1897 401 1946 oculis
439 1914 615 1962 magna
646 1899 844 1945 Patrum
879 1909 926 1945 et
959 1898 1095 1946 illius
1126 1899 1355 1946 Doctoris
1382 1899 1592 1947 dissimi-

245 1974 417 2023 litudo.
458 1976 651 2022 Etenim
687 1975 847 2022 Patres
885 1991 993 2039 erga
1033 1976 1168 2039 jocos
1205 1987 1252 2023 et
1285 1975 1468 2024 ludicra
1506 1977 1592 2024 fer-

244 2052 310 2100 rei
337 2063 482 2100 sunt:
519 2072 541 2097 «
577 2051 704 2099 Illud
733 2068 847 2099 vero
875 2053 924 2099 in
954 2053 1073 2116 jocis
1102 2054 1373 2100 minimum
1402 2053 1589 2101 malum

240 2128 499 2184 declarant,
549 2128 683 2191 quod
730 2128 930 2176 inutiles
978 2140 1094 2176 sunt
1143 2141 1490 2194 proptereaque
1538 2132 1588 2178 in

245 2222 510 2253 numerum
539 2205 773 2253 referendi
799 2205 1060 2253 verborum
1089 2207 1367 2254 otiosorum
1395 2207 1453 2255 de
1481 2208 1590 2271 qui-

242 2282 335 2330 bus
386 2284 435 2330 in
484 2282 562 2330 die
609 2282 778 2347 judicii
826 2284 944 2329 ratio
989 2282 1229 2330 reddenda
1267 2285 1382 2330 sit².
1421 2303 1443 2328 »
1480 2285 1586 2345 Jam

242 2359 399 2407 Divus
451 2359 635 2407 Paulus
683 2376 781 2406 non
832 2361 999 2407 minus
1044 2359 1258 2407 dilucide
1303 2361 1437 2424 jocos
1484 2361 1586 2409 fieri

240 2447 383 2493 vetat,
411 2438 592 2500 quippe
629 2437 770 2500 cujus
797 2436 853 2482 ad
884 2436 1119 2500 Ephesios
1146 2453 1198 2484 ea
1224 2437 1368 2485 fuerit
1389 2440 1544 2486 oratio
1573 2456 1581 2485 :

245 2530 266 2555 (t
305 2516 476 2571 Πορνεία
490 2518 531 2558 δὲ
542 2518 604 2557 καὶ
619 2523 721 2557 πᾶσι
740 2515 990 2571 ἂκκθαρσίκῆ
1006 2517 1215 2566 πλεονεξία
1230 2519 1327 2569 μηδὲ
1343 2520 1587 2570 ὀνομαζέσθω

299 2644 334 2671 1.
363 2631 561 2680 Maxima,
579 2632 726 2670 XXXI.

297 2703 335 2731 2.
367 2691 417 2730 V,
439 2692 567 2739 Max„
588 2691 736 2730 XXXI.
760 2689 822 2730 Cf.
845 2689 984 2730 Matth.
1005 2690 1095 2737 XII,
1118 2691 1177 2740 36.
