1930 3294
353 422 458 452 eam
470 404 600 452 haud
617 405 924 453 mediocriter
938 406 1210 453 confirmat.
1226 406 1350 454 Sane
1361 405 1703 455 confitendum

351 493 422 530 est
468 498 569 529 non
618 482 828 547 longum
871 481 1183 530 intervallum
1233 484 1358 531 inter
1409 482 1616 547 gloriam
1658 494 1706 532 et
1778 540 1784 545 ⁵

351 559 629 623 superbiam
658 576 760 608 esse
789 561 1113 625 interjectum.
1145 559 1237 608 Sed
1265 571 1429 607 tamen
1469 576 1570 608 non
1606 577 1705 625 gra-

351 637 461 684 vius
477 637 816 685 accusabimus
832 636 1040 701 gloriam
1062 637 1196 700 quod
1221 636 1469 685 interdum
1491 638 1541 684 in
1565 638 1703 703 pejus

353 713 489 761 abeat
516 730 567 761 ac
598 714 774 762 ferocia
802 714 900 770 fiat,
929 731 1043 762 curn
1078 714 1237 762 eidem
1270 713 1535 778 aliquando
1570 743 1633 750 -—-
1658 725 1705 763 et

354 791 518 838 nescio
547 807 606 838 an
647 791 777 855 apud
812 790 1103 840 Cornelium
1140 791 1295 839 dicere
1333 792 1479 839 etiam
1511 792 1704 856 saepius

353 879 573 932 oporteat
600 897 667 904 —
693 869 951 933 ignaviam·
965 868 1324 932 libidinemque
1353 869 1624 933 exstirpare,
1657 880 1703 917 et

352 946 583 993 virtutem
635 947 790 1010 ipsam
844 962 1098 1010 procurare
1142 946 1395 994 tribuatur.
1448 945 1540 994 Sed
1587 945 1704 995 haec

354 1022 604 1071 hactenus.
641 1023 755 1071 Non
797 1024 931 1071 enim
977 1034 1049 1072 est
1100 1023 1234 1087 quod
1287 1024 1337 1071 in
1381 1023 1475 1071 hoc
1517 1023 1704 1072 diutius

353 1099 640 1148 haereamus
666 1101 750 1148 ubi
775 1102 980 1165 scriptor
1003 1101 1104 1165 ipse
1132 1117 1232 1148 non
1262 1112 1597 1150 commoratus
1617 1112 1702 1150 est.

272 1211 280 1214 -
352 1177 477 1225 Illud
521 1179 618 1242 jam
659 1189 932 1226 extremum
985 1178 1159 1234 dicam,
1207 1179 1397 1226 etiamsi
1443 1177 1704 1227 Cornelius

354 1271 444 1302 nos
510 1255 568 1302 ad
631 1255 942 1303 voluntatem
1015 1255 1367 1303 tantummodo
1429 1256 1706 1304 institueret

354 1349 512 1396 neque
553 1331 683 1380 idern
726 1349 816 1380 nos
853 1349 1002 1396 quarn
1040 1333 1171 1380 viam
1207 1333 1410 1397 ingressi
1450 1332 1704 1381 voluntate

353 1409 476 1457 bene
517 1421 766 1458 uteremur
807 1410 1032 1466 erudiret,
1076 1421 1305 1466 attamen,
1354 1410 1418 1458 ob
1452 1409 1499 1457 id
1539 1411 1704 1474 ipsum

353 1486 534 1542 solum,
587 1487 725 1543 bene,
766 1488 968 1551 optime,
1012 1487 1247 1551 praeclare
1291 1498 1416 1535 esset
1453 1486 1512 1535 de
1561 1487 1704 1535 nobis

355 1565 571 1612 meritus.
611 1565 738 1612 Sunt
762 1566 895 1612 enim
924 1564 1155 1612 homines
1186 1593 1249 1599 —
1276 1575 1406 1621 sunt,
1440 1580 1629 1621 censeo,
1659 1575 1706 1612 et

353 1652 530 1689 aetates
556 1642 685 1705 ipsae
733 1670 799 1677 —
846 1641 1028 1705 quibus
1070 1641 1194 1689 nihil
1223 1642 1378 1706 magis
1403 1658 1530 1706 opus
1554 1658 1703 1705 quam

355 1730 409 1766 ut
451 1735 746 1783 magnopere
777 1736 829 1766 ac
862 1719 1019 1767 valide
1043 1718 1166 1767 velle
1194 1730 1530 1775 consuescant.
1567 1719 1705 1766 Hanc

352 1812 465 1843 vero
496 1795 808 1860 disciplinam
838 1797 887 1843 in
917 1795 1227 1845 Cornelianis
1248 1795 1427 1844 fabulis
1448 1795 1702 1844 habemus.

353 1873 505 1927 Quod
568 1875 858 1922 Bossuetius
921 1890 1022 1921 rem
1084 1890 1186 1921 non
1247 1873 1573 1921 observaverit
1627 1873 1703 1921 vel

352 1967 525 2014 parum
563 1952 613 1998 in
661 1952 811 2015 gratia
850 1950 1088 2007 habuerit,
1129 1967 1230 1998 non
1268 1950 1486 1998 multum
1515 1950 1705 1998 mirabi-

354 2044 478 2076 mur.
506 2029 632 2075 Nam
672 2029 773 2092 ipse
816 2044 975 2091 neque
1015 2028 1121 2093 ejus
1148 2027 1330 2075 indolis
1356 2044 1515 2091 neque
1536 2029 1703 2076 aetatis

353 2116 450 2152 erat
487 2122 609 2168 quae
646 2105 794 2153 talem
823 2106 1189 2153 institutionem
1233 2104 1371 2152 valde
1399 2105 1700 2153 desideraret.

350 2182 454 2229 Nos
487 2193 652 2230 autem
693 2184 778 2246 qui
820 2183 868 2230 in
911 2181 1005 2230 hoc
1046 2181 1263 2230 multum
1303 2198 1394 2230 nos
1437 2181 1702 2230 claudicare

352 2261 610 2315 sentimus,
639 2261 688 2306 in
718 2259 843 2307 hanc
873 2259 1184 2323 disciplinam
1221 2258 1351 2307 ultro
1377 2260 1703 2307 convenimus

353 2352 439 2383 nec
486 2337 600 2384 satis
641 2338 807 2401 magni
857 2335 1001 2384 illum
1053 2338 1304 2402 egregium
1358 2347 1553 2400 poetam
1611 2353 1702 2384 nos

351 2413 502 2461 facere
542 2430 684 2477 posse
725 2425 958 2477 putamus
992 2415 1077 2477 qui
1118 2430 1327 2477 quarum
1356 2414 1702 2462 necessitatum

353 2491 562 2538 maxime
605 2491 887 2555 indigemus
918 2507 1010 2547 eas,
1053 2507 1211 2555 neque
1253 2489 1353 2538 ulla
1394 2501 1557 2538 nostra
1587 2507 1701 2538 cum
1737 2555 1742 2560 Ι

351 2567 578 2615 molestia
594 2584 752 2631 neque
778 2569 891 2616 artis
919 2567 1230 2624 detrimento,
1282 2567 1426 2615 nobis
1466 2567 1701 2615 munifice

350 2643 645 2709 dilargiatur.
