1930 3294
266 349 558 398 brevissimo
586 348 786 412 quidem
817 360 1049 412 tempore,
1072 349 1177 412 ejus
1203 364 1341 395 amor
1366 364 1478 395 curn
1506 346 1609 395 offi-

264 427 342 474 cio
370 426 519 474 facere
546 438 593 474 et
625 427 899 489 conspirare
923 427 1057 473 visus
1082 437 1152 472 est
1183 431 1212 487 ¹,
1237 426 1419 472 amoris
1444 424 1606 472 tamen

266 502 484 567 impulsu
538 502 662 550 nihil
721 504 890 550 statuit
934 502 1075 550 heros
1127 502 1259 566 quod
1309 518 1358 549 se
1400 501 1606 565 dignum

265 591 403 636 esset,
434 579 558 627 nihil
593 581 749 627 immo
777 579 911 643 quod
936 580 1115 626 amoris
1135 579 1290 626 foedis
1312 578 1609 642 impulsibus

267 673 367 704 non
398 673 674 721 congruens
708 656 951 704 videretur
977 663 1007 703 ².
1037 657 1238 720 Semper
1262 657 1411 710 enirn,
1441 657 1489 702 in
1522 655 1609 703 illo

239 733 550 797 .soliloquio,
608 733 893 789 Chimaena,
954 745 1006 780 ut
1057 733 1321 782 Rodericus
1374 731 1607 795 loquitur,

269 829 293 856 α
317 810 570 859 brachium
593 812 854 874 supprimit
880 821 926 858 et
949 821 1133 857 coercet
1163 816 1174 840 ³
1203 829 1244 856 ›>.
1267 810 1418 856 Patris
1444 820 1608 856 autern

266 898 526 952 respectus,
555 887 613 935 ad
642 904 791 950 quem
820 903 934 935 mox
961 886 1141 934 accedit
1165 888 1341 950 patriae
1361 887 1608 950 cogitatio,

266 980 322 1012 ea
347 975 465 1012 sunt
487 964 690 1012 demum
715 964 772 1012 ad
796 963 1187 1028 persuadendum
1217 963 1417 1011 heroem
1438 964 1612 1027 gravis-

266 1043 393 1090 sima
418 1053 685 1090 momenta.
850 1093 854 1095 ,

334 1119 434 1166 Hac
449 1135 564 1166 vero
580 1118 863 1166 brevissima
879 1119 1274 1182 interpretatione
1291 1133 1391 1165 non
1407 1133 1612 1164 omnem

268 1195 460 1244 nodum
489 1212 580 1243 nos
604 1195 824 1259 expedire
851 1195 1163 1251 confidimus,
1193 1211 1280 1242 nec
1308 1211 1398 1242 nos
1427 1193 1612 1242 diluere

268 1284 500 1337 putamus
546 1274 713 1320 omnia
756 1288 880 1336 quae
924 1283 1091 1320 contra
1130 1271 1282 1336 hujus
1330 1271 1612 1319 comoediae

267 1366 427 1398 mores
475 1349 569 1397 dici
617 1361 837 1413 possunt.
891 1349 1183 1413 Complures
1228 1350 1378 1404 enim,
1425 1350 1510 1412 qui
1561 1350 1610 1396 in

266 1427 561 1476 Rodericum
583 1438 629 1474 et
657 1426 982 1474 Chimaenam
1005 1443 1104 1473 non
1128 1426 1348 1474 acerbius
1373 1425 1613 1473 invehun-

266 1515 359 1560 tur,
401 1515 595 1568 poetam
632 1515 796 1551 tamen
835 1502 1197 1567 reprehendunt
1235 1502 1384 1566 quod,
1432 1504 1482 1550 in
1526 1502 1614 1550 hac

268 1581 538 1637 comoedia,
583 1582 763 1628 amoris
809 1581 1033 1636 imitatio,
1078 1581 1227 1627 nimis
1266 1579 1323 1627 ad
1364 1581 1614 1627 veritatem

268 1674 502 1722 expressa,
529 1657 795 1721 quamdam
822 1657 996 1705 habeat
1018 1656 1330 1705 dulcedinem
1357 1673 1480 1720 quae
1505 1673 1616 1705 con·

267 1736 464 1800 tagione
499 1734 759 1782 nonnullis
802 1734 992 1782 officere
1040 1735 1206 1798 possit.
1237 1734 1475 1797 Equidem
1514 1750 1615 1782 non

269 1811 394 1860 mihi
439 1828 586 1859 sumo
628 1823 682 1859 ut
721 1828 827 1858 eam
873 1812 1164 1875 opinionem
1217 1811 1408 1858 infitier.
1454 1811 1616 1859 Nimis

269 1890 402 1937 enim
451 1899 641 1936 constat
686 1889 856 1936 omnia
902 1889 1117 1951 pessimo
1165 1889 1345 1951 cuique
1391 1889 1615 1952 pessimis

269 1965 503 2030 exemplis
550 1982 653 2013 esse
704 1964 859 2029 plena.
909 1965 1156 2018 Quisnam
1206 1981 1372 2012 rursus
1421 1965 1616 2029 negabit
1684 1988 1690 1998 τ

268 2059 486 2090 amorem
522 2042 596 2090 vel
635 2042 891 2090 libidinem
932 2041 1010 2089 hic
1042 2058 1231 2105 semper
1260 2041 1317 2089 ad
1344 2053 1615 2089 extremum

268 2121 435 2167 virtuti
487 2119 667 2174 cedere,
707 2135 866 2181 neque
914 2134 1151 2181 unquam,
1190 2120 1416 2181 quamvis
1462 2118 1618 2172 dulcis

266 2196 500 2250 videatur,
533 2195 745 2243 redolere
780 2195 1124 2259 voluptatem?
1155 2195 1403 2249 Quisnam
1442 2197 1618 2259 praeci-

270 2290 380 2338 pue,
397 2274 456 2321 de
482 2272 647 2321 fabula
674 2272 877 2336 quidem
904 2273 941 2319 le
969 2272 1070 2328 Cid,
1098 2271 1222 2319 hanc
1252 2284 1401 2319 ratam
1425 2272 1620 2321 habebit

329 2416 361 2443 1.
509 2409 643 2456 J’attire
665 2419 719 2444 ses
738 2408 869 2455 mepris
889 2419 934 2443 en
956 2418 1001 2443 ne
1021 2418 1079 2443 me
1098 2416 1273 2455 vengeant
1292 2419 1364 2454 pas.

1280 2473 1326 2512 (v·
1346 2474 1419 2513 324)

325 2552 364 2579 2.
514 2545 685 2580 Mourons
704 2545 751 2579 du
771 2545 887 2579 moins
901 2555 981 2579 sans
1000 2543 1150 2579 offenser
1168 2543 1354 2579 Chimene.

1280 2610 1328 2648 (ν.
1344 2610 1418 2649 330)

331 2693 366 2731 3.
516 2687 605 2721 L'un
620 2686 788 2721 m’anime
802 2685 834 2721 le
853 2697 965 2728 coeur,
985 2685 1108 2721 l‘autre
1123 2686 1249 2721 retient
1268 2697 1355 2720 mon
1375 2686 1463 2721 bras.

1279 2751 1326 2790 (ι
1346 2752 1418 2791 304)
