1930 3294
751 586 966 634 CAPUT
999 587 1062 634 III

229 761 518 816 QUATENUS,
554 776 663 808 DUM
703 775 1002 809 CHRISTIANIS
1032 775 1256 809 THEATRO
1283 775 1575 817 INTERDICIT,

294 853 574 886 DOCTRINAE
591 853 998 890 DISCIPLINAEQUE
1013 853 1268 886 ECCLESIAE
1286 852 1577 886 BOSSUETIUS

294 929 366 963 SIT
386 929 783 963 CONSENTANEUS.

295 1152 539 1206 Quamvis
566 1151 678 1199 licet
707 1168 935 1216 magnam
964 1168 1170 1200 suorum
1194 1154 1241 1199 vi
1270 1163 1580 1217 argumento·
1605 1156 1612 1159 ’

233 1245 340 1277 rum
360 1228 505 1276 fidem
523 1228 745 1276 habuerit
759 1229 1060 1285 Bossuetius‚
1077 1245 1335 1292 nunquam
1365 1229 1578 1293 profecto

230 1315 425 1353 tanturn
452 1305 658 1353 fiduciae
694 1307 1058 1369 severitatisque
1086 1305 1313 1353 adversus
1343 1316 1579 1354 nostrates

233 1393 399 1448 poetas
417 1399 525 1446 prae
553 1399 602 1430 se
630 1382 835 1439 tulisset,
854 1384 892 1430 si
916 1382 1266 1431 tantummodo
1289 1382 1579 1447 sibimetipsi

231 1459 325 1508 soli
341 1460 513 1508 fuisset
530 1461 741 1507 innixus.
757 1460 885 1506 Nam
909 1476 999 1507 nos
1017 1476 1117 1507 non
1136 1461 1358 1523 praeterit
1371 1461 1581 1508 Bossue-

231 1537 359 1584 tium
396 1537 445 1583 in
486 1538 625 1584 omni
670 1553 715 1584 re
753 1536 984 1584 traditum
1036 1553 1224 1584 morem
1267 1553 1292 1584 a
1338 1536 1580 1600 prioribus

233 1613 475 1678 relligiose
521 1615 659 1669 tueri,
695 1613 904 1676 ideoque
944 1615 1136 1676 saepius
1183 1615 1386 1661 nomine
1430 1614 1581 1661 fuisse

234 1702 577 1754 nuncupatum
606 1710 628 1735 «
664 1691 928 1738 Memoriae
959 1701 1133 1738 testem
1172 1702 1217 1737 et
1242 1690 1497 1738 custodem
1539 1709 1581 1738 ».

227 1768 335 1829 Jam
355 1783 468 1815 vero
487 1779 691 1823 constat,
711 1779 820 1815 ante
850 1767 1007 1823 illum,
1029 1768 1075 1814 in
1101 1766 1322 1822 Ecclesia,
1354 1784 1582 1832 magnam

235 1845 526 1908 scriptorum
556 1846 658 1891 vim
689 1855 735 1891 et
765 1856 1014 1891 oratorum
1041 1844 1311 1907 spectacula
1334 1843 1584 1908 reprehen-

236 1920 378 1978 disse,
390 1921 804 1984 vehementerque
821 1920 1056 1968 indicasse
1074 1937 1246 1968 eorum
1262 1921 1457 1985 flagitia.
1470 1921 1584 1975 Qua

238 1999 386 2063 igitur
438 2015 589 2062 paene
639 1999 982 2045 universorum
1034 1999 1360 2045 consensione
1416 1998 1582 2054 fretus,

238 2076 408 2123 statuit
434 2076 484 2122 in
514 2074 848 2138 improbandis
878 2074 1176 2122 nostratibus
1204 2076 1360 2138 poetis
1389 2091 1487 2122 non
1513 2075 1583 2122 uti

240 2151 591 2199 moderatione.
657 2152 824 2205 Quam
886 2151 1109 2198 videlicet
1165 2152 1468 2199 severitatem
1527 2151 1584 2199 ad

237 2227 535 2292 obsequium
570 2228 1034 2291 oboedientiamque
1063 2244 1162 2275 non
1199 2229 1364 2276 minus
1387 2228 1586 2276 fortasse

239 2321 389 2368 quarn
459 2305 516 2353 ad
571 2305 915 2353 verecundiam
967 2304 1306 2368 pudoremque
1351 2306 1587 2368 pertinere

241 2381 455 2446 putabat.

307 2459 526 2506 Tantum
543 2458 676 2506 abest
692 2469 854 2515 tamen
875 2469 928 2505 ut
943 2468 1016 2505 tot
1035 2457 1303 2521 locupletes
1326 2459 1375 2505 in
1398 2474 1591 2505 comoe-

241 2535 373 2583 diam
408 2546 553 2583 testes
581 2551 755 2582 omnes
790 2534 848 2582 ad
883 2551 1043 2582 unum
1070 2534 1291 2598 proferat,
1320 2546 1374 2582 ut
1404 2546 1585 2591 contra,

244 2612 328 2660 ubi
379 2611 488 2660 data
541 2623 613 2660 est
654 2612 855 2660 testium
901 2610 1188 2675 prolationis
1228 2611 1586 2675 opportunitas,

243 2687 498 2736 exordium
531 2704 556 2736 a
590 2687 866 2752 profitendo
899 2687 1054 2751 capiat
1094 2703 1102 2734 :
1151 2705 1175 2732 α
1216 2682 1434 2735 δεδειτιὲῑ
1485 2702 1587 2735 non
