1930 3294
875 267 1150 320 --8-Δ

297 380 567 428 libidinum
643 381 781 443 quasi
857 380 1329 427 sumministratores
1403 379 1654 428 ducuntur

301 457 446 505 oculi'.

364 535 522 582 Aures
549 550 664 582 vero
691 551 791 581 non
828 535 1075 581 minorem
1112 533 1427 582 audientibus
1466 544 1652 597 pestem

300 612 528 659 inducere
554 613 811 659 existimat.
841 612 969 658 Nam
1000 610 1151 658 simul
1179 621 1325 675 atque
1357 610 1654 675 symphonia

299 691 428 737 canit
493 688 844 752 mollioresque
903 699 949 735 et
1007 687 1310 736 delicatiores
1364 699 1543 736 sonant
1602 689 1652 736 in

298 777 443 813 cantu
472 765 724 822 flexiones,
756 776 975 813 mentem
1003 755 1158 813 totam
1181 781 1378 829 prorsus
1407 763 1650 814 enervant.

297 844 587 891 Bossuetius
639 844 788 899 enim,
846 843 961 906 quia
1021 843 1123 889 vim
1170 844 1393 900 ,musicae
1453 843 1653 906 experiri

297 920 519 968 voluerat
532 927 560 977 ¹,
579 920 689 968 ideo
706 931 950 983 quantum
964 919 1021 967 ad
1038 920 1410 984 infringendum
1427 920 1652 985 animum

299 997 502 1062 polleret
523 1009 623 1045 tam
650 998 752 1061 ipse
782 1013 932 1060 quarn
969 997 1055 1060 qui
1082 998 1292 1044 maxime
1324 1007 1536 1044 noverat.
1567 996 1651 1044 Sin

299 1086 464 1122 autern
486 1074 621 1122 abest
648 1091 673 1121 a
715 1074 905 1122 theatro
943 1075 1145 1128 musice,
1175 1075 1285 1137 quis
1320 1075 1511 1138 ignorat
1551 1090 1652 1121 non

299 1152 463 1199 solum
492 1153 542 1199 in
571 1153 771 1199 canticis
802 1163 849 1199 et
882 1152 1226 1199 instrumentis
1259 1152 1523 1199 consistere
1551 1150 1654 1199 har-

300 1231 536 1285 moniam,
574 1229 656 1277 sed
685 1230 832 1276 etiam
871 1228 947 1276 vel
983 1229 1032 1275 in
1068 1228 1352 1292 eloquendo
1387 1228 1652 1292 quemdam

305 1307 642 1355 obscuriorem
671 1323 775 1354 esse
806 1317 1006 1354 cantum
1035 1307 1135 1370 qui,
1165 1307 1420 1370 praecipue
1449 1307 1499 1353 in
1524 1305 1655 1353 thea-

298 1386 397 1440 tris,
445 1385 547 1431 vim
586 1383 761 1431 habeat
801 1383 1173 1431 incredibilem?
1202 1383 1384 1431 Versus
1412 1384 1546 1431 enim
1585 1382 1652 1431 ibi

297 1463 490 1525 saepius
512 1457 783 1517 adhibetur,
807 1477 945 1524 quae,
965 1471 1019 1508 ut
1038 1462 1304 1524 antiquitas
1331 1460 1651 1516 existimabat,

299 1555 404 1602 pars
444 1550 516 1586 est
550 1539 777 1586 musicae.
824 1539 882 1585 Et
927 1554 1094 1586 rursus
1144 1537 1305 1586 soluta
1353 1539 1508 1585 oratio
1545 1553 1648 1585 non

300 1616 421 1663 adeo
444 1615 605 1663 soluta
630 1632 731 1663 esse
749 1627 908 1680 potest
925 1627 978 1663 ut
1008 1631 1242 1663 numeros
1267 1631 1383 1663 suos
1412 1616 1516 1679 ipsa
1545 1631 1647 1662 non

299 1693 485 1740 habeat.
523 1693 778 1757 Quicquid
805 1709 920 1740 vero
948 1704 1033 1749 est,
1065 1709 1233 1740 versus
1268 1704 1314 1740 et
1347 1708 1502 1756 prosa,
1537 1708 1652 1739 cum

300 1771 349 1817 in
371 1787 513 1818 scena
533 1771 932 1834 pronuntiantur,
956 1787 1007 1817 ac
1032 1771 1242 1817 maxime
1265 1769 1363 1817 illis
1384 1770 1655 1817 momentis

300 1864 423 1910 quae
449 1847 643 1895 dolores
682 1847 758 1895 vel
794 1847 1033 1912 gaudium
1074 1847 1270 1903 habent,
1313 1847 1475 1894 modis
1507 1847 1652 1895 variis

299 1936 510 1972 utuntur
549 1936 595 1972 et
628 1936 830 1972 cantum
868 1924 1102 1972 redolent.
1143 1925 1220 1972 Sic
1259 1925 1354 1972 fere
1390 1939 1649 1987 nunquam

300 2019 360 2049 ne
388 2003 438 2048 in
479 2002 735 2049 comoedia
760 2002 963 2065 quidem
1006 2002 1251 2049 audientis
1287 2006 1426 2049 aure‘s
1464 2001 1652 2048 musica

298 2091 485 2135 vacant,
515 2095 640 2142 quae
669 2078 919 2126 blanditiis
941 2078 1126 2126 delenit
1153 2080 1379 2126 animum
1419 2089 1466 2126 et
1507 2078 1646 2141 quasi

299 2156 584 2204 devinctum
613 2167 759 2203 tenet.

364 2233 501 2287 Quid
528 2249 643 2280 vero
672 2233 763 2280 sibi
790 2232 898 2280 vult
926 2234 1146 2280 scenicus
1174 2234 1259 2295 qui
1288 2231 1505 2280 fabulam
1535 2232 1648 2296 agit,

301 2311 394 2357 nisi
421 2327 517 2373 qua
546 2310 907 2373 perturbatione
930 2311 1082 2357 animi
1111 2311 1212 2373 ipse
1241 2319 1585 2356 commovetur
1603 2320 1650 2356 et

300 2404 391 2434 nos
418 2387 671 2435 audientes
694 2386 919 2434 similiter
948 2403 1259 2434 commovere
1277 2387 1326 2433 ²?
1352 2387 1395 2434 Is
1425 2387 1573 2442 enim,
1598 2387 1647 2432 in

357 2550 390 2576 1.
423 2538 674 2577 Bossuetium
695 2539 802 2577 enim
824 2537 998 2577 referunt
1021 2537 1139 2576 Lullii
1158 2537 1437 2590 symphoniam
1456 2549 1500 2575 ea
1517 2545 1650 2575 mente

299 2597 433 2635 audire
454 2596 627 2635 voluisse
646 2606 688 2635 ut
709 2596 801 2650 quid
820 2596 986 2649 polleret
1006 2597 1155 2635 musice
1176 2610 1245 2649 per
1266 2609 1306 2635 se
1330 2597 1414 2649 ipse
1444 2595 1646 2648 judicaret.

355 2669 391 2694 2.
427 2672 444 2692 «
455 2686 533 2695 .....
542 2656 582 2695 Si
603 2655 763 2695 l'acteur
780 2655 899 2695 d'une
924 2655 1096 2708 tragedie
1118 2669 1167 2694 ne
1195 2655 1230 2694 le
1248 2656 1323 2695 sait
1342 2669 1410 2708 pas
1439 2655 1650 2694 e'mouvoir
1694 2647 1701 2654 ’

298 2724 334 2753 et
358 2714 394 2753 le
414 2724 653 2767 transportet
668 2715 715 2754 de
730 2714 764 2753 la
785 2715 943 2768 passion
960 2714 1054 2768 qu'il
1072 2725 1165 2754 veut
1185 2715 1394 2767 exprimer,
1419 2714 1473 2753 ou
1492 2712 1648 2752 tombe-
