1930 3294
867 285 925 292 .-
957 274 1012 317 74
1045 284 1103 292 .-

311 373 575 420 immutari.
627 371 717 425 Sed
769 371 902 419 aliud
954 382 1024 419 est
1073 372 1333 419 immutare
1382 371 1653 419 doctrinam

309 449 736 513 disciplinamque,
760 449 893 496 aliud
918 450 1132 497 vicissim
1164 459 1210 496 et
1231 448 1401 496 ordine
1429 459 1476 496 et
1502 464 1657 512 quan-

310 539 417 574 tum
450 528 596 590 exigit
631 543 750 574 usus
778 527 956 590 cuique
991 543 1151 574 rerum
1186 527 1324 589 quasi
1360 526 1508 573 fronti
1546 524 1656 573 late-

310 605 447 668 rique
465 604 723 651 admovere
751 603 986 667 lampada.
1009 604 1135 651 Nam
1161 603 1294 667 quod
1324 603 1512 667 pristini
1538 603 1655 650 sacri
1764 646 1770 655 f

309 683 565 746 scriptores
594 682 642 728 in
673 681 848 729 ludum
878 683 1130 744 risumque
1160 681 1335 728 invecti
1368 691 1498 736 sunt,
1527 679 1658 728 Tho-

312 776 415 806 mas
446 770 612 807 autem
643 759 929 821 eutrapeliam
957 758 1126 822 probat
1164 770 1209 806 et
1243 757 1572 814 commendat,
1604 773 1656 805 ea

311 853 411 884 non
443 836 578 893 adeo,
605 847 849 900 quantum
876 835 1123 900 intellego,
1148 837 1272 883 inter
1294 851 1342 883 se
1369 845 1658 899 repugnant,

312 915 405 961 nisi
443 913 645 978 quidem
684 915 839 977 prima
885 914 1055 977 specie.
1116 912 1267 966 Quod
1311 913 1545 961 contrarie
1593 913 1660 959 sic

309 991 405 1039 dici
433 991 627 1038 videtur
662 1007 761 1038 non
794 991 994 1038 fortasse
1023 1007 1069 1037 re
1094 1006 1202 1037 vera
1227 990 1476 1053 discrepat.
1505 989 1662 1037 Divus

311 1070 445 1117 enim
480 1068 700 1116 Thomas
735 1069 1075 1116 subministrat
1110 1069 1210 1131 ipse
1243 1068 1482 1114 rationem
1521 1066 1664 1114 nobis

312 1163 408 1211 qua
455 1146 571 1194 haec
624 1162 1000 1210 componamus,
1066 1162 1178 1192 cum
1241 1146 1308 1192 sic
1369 1143 1620 1207 eloquitur
1652 1161 1661 1191 :

316 1245 338 1270 «
368 1225 535 1271 Potest
557 1240 658 1271 esse
677 1239 899 1271 excessus
923 1224 971 1270 in
996 1222 1114 1270 ludo
1128 1221 1400 1270 secundum
1420 1221 1663 1269 defectum

314 1302 587 1350 debitarum
638 1301 1143 1356 circumstantiarum;
1188 1310 1304 1363 puta
1351 1315 1464 1346 cum
1511 1297 1663 1361 aliqui

315 1390 525 1427 utuntur
559 1378 691 1435 ludo,
729 1377 805 1426 vel
837 1378 1155 1441 temporibus,
1191 1377 1266 1424 vel
1302 1378 1351 1424 in
1387 1375 1507 1423 locis
1535 1374 1665 1423 inde-

315 1458 443 1512 bitis,
494 1467 577 1504 aut
620 1457 765 1503 etiam
807 1466 990 1519 praeter
1035 1455 1431 1503 convenientiam
1480 1453 1663 1517 negotii

315 1551 401 1583 seu
419 1550 652 1598 personae
671 1540 731 1580 ¹...
756 1552 778 1577 ))
803 1534 874 1580 De
891 1549 964 1589 eo,
990 1533 1082 1580 nisi
1105 1531 1259 1588 fallor,
1279 1532 1444 1579 omnis
1463 1542 1535 1578 est
1554 1546 1666 1578 con-

315 1613 559 1660 troversia.
585 1612 713 1658 Nam
735 1627 848 1658 cum
865 1611 1004 1671 Jesus
1027 1609 1253 1658 Christus
1273 1625 1326 1656 ea
1348 1610 1663 1672 imprecatur:

317 1707 339 1731 ‹(
363 1691 465 1734 Οὐαὶ
485 1696 591 1744 ὑμῖν,
615 1695 647 1733 οἱ
667 1693 865 1745 γελῶντες
888 1698 970 1740 νῦν,
991 1690 1047 1732 ’ότι
1063 1693 1275 1743 πενθήσετε
1300 1690 1363 1730 καὶ
1381 1691 1603 1730 κλαύσετεῖ
1623 1701 1664 1739 )),

318 1761 533 1825 profecto
557 1776 644 1807 nec
669 1775 860 1822 semper
878 1775 1036 1822 neque
1065 1758 1264 1821 ubique,
1283 1773 1442 1820 neque
1463 1772 1666 1804 omnem

315 1837 444 1886 tollit
480 1839 648 1894 risum,
687 1836 769 1884 sed
810 1853 923 1883 eum
959 1834 1123 1883 solum
1160 1851 1261 1898 quo
1307 1854 1329 1880 α
1375 1833 1450 1882 vel
1484 1844 1669 1897 tempo-

319 1915 453 1963 ribus
479 1914 554 1963 vel
579 1916 628 1962 in
655 1913 774 1962 locis
798 1913 1043 1969 indebitis,
1073 1924 1156 1960 aut
1177 1913 1323 1960 etiam
1350 1922 1534 1976 praeter
1557 1927 1668 1958 con-

319 1994 620 2041 venientiam
668 1992 852 2055 negotii
905 2007 990 2038 seu
1035 2006 1269 2054 personae
1329 2008 1351 2033 »
1399 1988 1667 2053 perversius

319 2071 593 2119 abutamur.
623 2070 708 2118 Rei
740 2070 873 2116 enim
900 2069 1079 2131 cuique
1102 2084 1189 2115 sua
1210 2078 1281 2114 est
1308 2066 1664 2130 opportunitas.

317 2149 443 2195 Nam
473 2164 601 2203 cum,
634 2147 780 2193 etiam
812 2157 930 2192 tunc
962 2161 1141 2200 recens,
1174 2143 1449 2192 Christiana
1480 2135 1667 2206 relligio

320 2226 378 2273 de
398 2235 655 2289 potentatu
679 2221 1005 2270 contendebat
1027 2238 1140 2269 cum
1169 2221 1512 2284 hostibusque,
1542 2219 1670 2267 scili-

321 2314 395 2350 cet
412 2302 634 2366 Paganis,
650 2302 699 2347 in
719 2301 817 2347 acie
833 2300 972 2362 quasi
999 2298 1407 2362 progrediebatur,
1430 2297 1668 2344 nimirum

323 2396 423 2427 non
457 2390 654 2442 tempus
682 2388 779 2425 erat
813 2376 1185 2423 oblectamentis
1218 2374 1484 2438 indulgere.
1518 2371 1670 2427 Quod

321 2458 468 2505 etiam
509 2472 567 2503 eo
611 2456 778 2502 minus
821 2453 1103 2517 expediebat
1147 2452 1296 2516 quod,
1341 2451 1437 2498 illis
1482 2462 1672 2514 tempo-

323 2534 470 2589 ribus,
539 2532 651 2579 fidei
715 2532 982 2593 virtutique
1051 2529 1457 2594 {Christianorum
1521 2542 1670 2590 quam

381 2686 415 2712 1.
448 2681 548 2711 2=2³¹e
570 2672 738 2721 Quaest„
756 2670 970 2717 CLXVIII,
986 2678 1054 2708 art.
1075 2670 1143 2708 ΙΙΙ.

382 2751 419 2778 2.
453 2738 551 2788 Luc,
572 2739 639 2780 Vl,
669 2737 731 2774 26.
