1930 3294
812 255 1050 289 ..11—

166 368 230 407 a..
200 339 537 414 deterrimis
560 355 694 403 vitiis
713 365 844 404 totae
861 354 1228 419 conglutinatae
1240 355 1529 403 videantur>
1541 355 1609 403 At

95 406 202 484 ἶ
215 432 228 438 ”
237 431 416 486 favete
438 431 638 496 linguis,
660 448 776 479 nam
798 431 1044 496 tragoedia
1072 432 1263 496 incepta
1286 443 1358 480 est
1383 433 1475 496 agi.
1501 432 1606 486 Qui

95 510 163 602 1³.
160 539 195 589 ‚²³
216 498 319 593 ,fi-‘fit
341 523 459 556 cum
494 507 707 556 lacrimis
735 508 815 556 hic
843 509 1091 573 gemitus?
1110 525 1235 572 quae
1262 509 1351 556 ista
1377 519 1606 573 perpetua

195 575 199 577 “
230 581 548 649 lamentatio
579 602 606 633 e
648 601 790 634 scena
822 586 978 633 oritur
1002 586 1021 631 ?
1076 586 1213 632 Num
1254 585 1606 634 tantummodo

95 623 233 742 Ψ
259 671 345 712 aut
371 663 508 726 pueri
540 673 626 710 aut
659 662 872 710 feminae
906 673 1102 710 tantum
1136 661 1384 748 ploratum
1421 662 1607 710 edunt?

83 770 195 832 *Q
131 689 236 787 ξῗζ
251 746 321 787 an
337 737 596 798 homines
585 740 693 802 ipsi,
709 738 829 803 quid
841 738 952 787 dico
964 738 1223 787 homines?
1239 740 1344 794 viri,
1358 759 1382 784 α
1397 738 1603 787 heroes»

219 807 435 872 im'mo,
438 816 549 879 qui,
571 815 746 863 devicti
772 815 956 872 dolore,
980 817 1029 863 in
1053 815 1417 866 lamentabilem
1445 831 1607 864 erum-

188 877 388 1009 ?jpunt
412 891 697 940 ululatum.
685 908 701 927 θ
717 893 765 941 Ο
787 908 888 940 rem
910 892 1126 940 foedam!
1149 892 1197 940 O
1221 909 1330 940 vere
1354 892 1608 956 indignam

172 1043 509 1117 probanda
553 1047 642 1094 sit!
683 1046 820 1093 Nihil
859 1057 932 1094 est
970 1047 1106 1094 enim
1146 1047 1357 1094 omnino
1403 1047 1505 1094 sive
1555 1047 1605 1093 in

228 1131 407 1188 terra,
427 1123 529 1171 sive
556 1124 606 1170 in
628 1122 864 1172 humanis
898 1123 1063 1180 rebus,
1075 1122 1210 1187 quod
1236 1124 1476 1171 amissum
1503 1124 1609 1187 qui—

187 1159 372 1269 {Jdem
384 1210 524 1248 tanto
545 1199 755 1270 dignum
776 1201 839 1248 sit
865 1201 1071 1264 gemitu.
1087 1201 1242 1264 Igitur
1254 1216 1371 1248 cum
1388 1199 1605 1264 aliquam

201 1275 520 1343 ξρετεοῐιειιιι
583 1269 811 1325 flebiliter
874 1277 1227 1325 lamentantem
1286 1278 1335 1324 in
1408 1293 1606 1326 scenam

116 1359 135 1403 “,
159 1390 174 1415 ·.
158 1327 236 1414 essf.
258 1352 519 1410 inducunt,
547 1353 674 1401 nihil
700 1351 832 1401 aliud
857 1354 1044 1401 faciunt
1071 1364 1240 1418 poetae
1264 1354 1430 1417 tragici
1455 1370 1606 1418 quam

113 1423 288 1496 ³.,⁷‘5''«
314 1429 446 1495 apud
486 1447 579 1478 nos
623 1430 879 1478 audientes
923 1431 1085 1478 fovere
1126 1430 1250 1478 illud
1285 1431 1451 1478 nescio
1486 1429 1606 1494 quid

125 1504 166 1555 '14'
181 1528 199 1541 ⁸
231 1506 568 1570 *imbecillum
617 1518 764 1571 atque
794 1507 1169 1571 queribundum
1205 1507 1341 1571 quod
1372 1509 1423 1555 in
1461 1506 1608 1573 ejula-

163 1571 231 1652 ξ’
257 1583 391 1633 tibus
416 1600 471 1632 ac
498 1583 711 1632 lacrimis
754 1584 1026 1632 effunditur
1052 1591 1063 1609 ¹
1090 1604 1132 1632 ι).
1158 1584 1302 1632 Haud
1347 1601 1466 1635 sane
1502 1600 1608 1648 pro·

125 1718 143 1726 ..
192 1656 199 1659 .
253 1657 484 1725 habiliori
531 1661 836 1709 documento
895 1661 1144 1726 tragoedia
1194 1672 1280 1717 est,
1334 1678 1450 1709 cum
1498 1677 1606 1709 eam

121 1739 135 1762 ·“
235 1738 412 1798 animi
464 1737 665 1786 alteram
724 1731 908 1802 partem
958 1738 1243 1787 effrenatam
1294 1739 1467 1786 excitat
1519 1738 1605 1787 ubi

30 1875 35 1879 ⁵
202 1806 223 1882 Ἰ
257 1813 533 1879 plurimum
571 1815 736 1863 valent
762 1814 1040 1879 indignatio
1065 1826 1120 1863 -et
1147 1816 1214 1862 ira
1233 1821 1263 1862 ².
1301 1816 1428 1862 Nam
1461 1816 1501 1862 si
1536 1816 1604 1862 ira
1675 1835 1681 1838 ·

236 1901 288 1936 ἰ
326 1891 463 1939 furor
509 1891 668 1939 brevis
705 1910 728 1936 n
772 1893 948 1939 merito
995 1891 1122 1939 dicta
1172 1903 1258 1947 est,
1298 1907 1352 1939 ea
1397 1891 1599 1955 quidem

243 1967 521 2023 iracundia,
561 1984 659 2032 qua
703 1969 753 2015 in
794 1967 985 2016 theatro
1039 1968 1302 2023 efferimur,
1349 1968 1485 2015 furor
1533 1978 1606 2016 est

32 2030 217 2093 ssffe
256 2043 528 2108 eademque
582 2044 803 2093 stultitia.
853 2044 1024 2092 Multis
1088 2046 1238 2108 igitur
1314 2044 1605 2092 nominibus

36 2117 121 2186 ᾗ-Ϊ”
141 2175 164 2179 -.
190 2114 198 2118 ἡ
223 2180 234 2186 ,⁷
255 2121 503 2186 tragoedia
543 2121 863 2185 improbanda
901 2138 954 2169 ac
998 2121 1259 2186 rejicienda
1303 2132 1388 2177 est,
1422 2122 1604 2185 quippe

30 2190 143 2253 μὴ’
170 2186 212 2220 ³*
248 2213 382 2262 quae
418 2209 466 2246 et
502 2197 846 2246 fortitudinem
883 2198 1072 2262 frangat
1121 2209 1168 2246 et
1213 2198 1603 2246 moderationem

255 2275 654 2338 aequitatemque
695 2274 947 2323 labefactet
981 2276 1151 2322 animi.
1185 2275 1250 2322 At
1288 2274 1377 2322 hae
1402 2274 1605 2338 quidem

242 2351 649 2400 ‘offensiunculae
673 2363 804 2407 sunt,
833 2351 882 2398 id
909 2362 981 2399 est
1005 2350 1254 2399 levissima
1278 2351 1471 2398 damna.
1499 2352 1606 2399 Hoc

255 2429 392 2477 enim
418 2427 698 2476 fabularum
718 2444 890 2493 genus,
923 2438 978 2475 ut
1002 2444 1118 2476 mox
1150 2429 1240 2476 erit
1271 2427 1607 2476 demonstran·

313 2574 350 2604 1.
379 2562 621 2618 DeRepubl„
645 2563 716 2603 lib.
738 2565 789 2604 X.
820 2577 855 2614 3.
877 2564 1012 2610 Quem
1035 2563 1172 2602 locum
1205 2562 1334 2602 laudat
1359 2563 1603 2612 Bossuetius‚

257 2621 457 2671 Maximes,
477 2623 565 2662 XV.

310 2691 351 2721 2.
380 2680 582 2730 Maximes,
601 2682 692 2720 XV.

189 974 385 1033 quae
412 969 464 1016 in
489 970 616 1017 vitae
650 969 793 1017 rebus
819 969 1066 1025 toleretur,
1099 969 1284 1017 nedum
1328 970 1378 1016 in
1418 969 1607 1017 theatro
1674 1014 1677 1015 γ
