1930 3294
297 250 535 274 .j⁷>‘s
820 261 1052 304 ..77-

257 374 378 422 gum
435 370 507 406 est
561 359 776 422 profecto
836 375 1010 406 omnes
1065 359 1216 424 hujus
1272 358 1599 407 altercationis

257 450 497 498 exponere
528 435 915 492 vicissitudines;
953 452 1111 499 neque
1145 435 1238 483 hoc
1270 435 1328 483 ad
1364 452 1462 484 rem
1497 453 1600 500 per-

256 511 393 559 tinet.
423 512 548 560 Satis
570 513 718 576 igitur
741 512 1031 560 habebimus
1058 512 1213 560 dicere
1234 529 1355 568 eam,
1388 512 1597 561 Galliam

258 587 540 636 moderante
567 588 802 644 Richelio‚
833 589 981 637 fuisse
1003 591 1269 644 excitatam,
1292 589 1597 653 aliquamdiu

257 662 539 729 languidam
574 667 762 713 stetisse
794 677 840 713 et
872 677 988 714 tunc
1025 666 1188 714 solum
1221 668 1448 714 exarsisse
1484 683 1597 714 cum

248 741 464 802 Jansenii
515 743 729 791 fautores
779 744 966 806 impetu
1015 742 1210 791 hostem
1274 743 1428 791 adorti
1483 755 1600 791 sunt

207 818 601 885 insignemque
647 821 850 867 scenicis
898 821 1051 883 poetis
1093 819 1366 868 intulerunt
1410 820 1600 868 calami-

254 905 418 943 tatem.
458 896 631 943 Poetae
670 898 819 952 enim,
863 913 975 944 cum
1022 897 1080 944 ab
1124 897 1404 945 adversariis
1444 899 1600 945 nomi-

255 973 408 1019 natim
459 973 822 1036 increparentur
871 975 1137 1037 acriterque
1182 985 1596 1039 oppugnarentur,

253 1059 372 1096 tunc
394 1066 496 1097 sese
525 1050 574 1096 in
613 1050 801 1098 medios
838 1052 1150 1099 immiserunt
1173 1051 1338 1099 hostes
1379 1091 1387 1098 .
1426 1053 1597 1115 Neque

222 1144 224 1146 ·
253 1125 463 1174 dubium
486 1125 556 1174 est
578 1128 699 1190 quin
723 1144 822 1175 rem
847 1129 896 1174 in
920 1140 1102 1191 partem
1122 1145 1261 1176 suam
1282 1128 1598 1176 inclinassent

253 1214 301 1250 et
342 1203 498 1251 bonae
546 1204 746 1267 quidem
790 1205 1071 1252 comoediae
1120 1222 1315 1253 causam
1363 1205 1596 1270 praeclare

251 1281 495 1336 vicissent,
532 1282 625 1328 nisi
662 1297 794 1329 mors
824 1283 1086 1329 immatura
1112 1282 1390 1338 Molerium,
1420 1283 1598 1331 Corne-

252 1355 377 1404 lium
416 1357 555 1404 effeta
599 1359 672 1405 vis
711 1359 911 1422 ingenii,
951 1359 1208 1408 Racinium
1247 1371 1300 1407 ut
1336 1361 1401 1406 ita
1437 1360 1595 1407 dicam

253 1433 459 1482 recidiva
492 1434 696 1498 relligio,
732 1435 921 1484 lumine
949 1436 1288 1500 praesidioque
1317 1436 1596 1485 nudavisset

251 1511 574 1558 comoediam.
626 1512 773 1559 Porro
820 1529 933 1559 cum
980 1515 1189 1560 maxime
1234 1513 1478 1561 theatrum
1527 1515 1594 1562 sic

251 1586 593 1644 denudaretur,
629 1590 727 1637 Rex
768 1590 868 1652 ipse
905 1589 1196 1646 Ludovicus,
1234 1592 1318 1653 qui
1359 1590 1594 1639 hactenus

251 1665 570 1713 immoderate
586 1665 773 1713 theatro
791 1665 1070 1722 indulserat,
1086 1667 1143 1714 ad
1165 1667 1593 1731 diligentissimam

172 1773 185 1780 -
251 1741 480 1805 pietatem
512 1742 748 1806 paulatim
782 1759 884 1790 sese
911 1745 1064 1790 vertit.
1094 1744 1420 1792 Defensorum
1446 1746 1597 1809 igitur—

252 1819 433 1882 inopia,
462 1819 716 1866 comoedia
739 1821 934 1883 periisse
957 1820 1222 1875 videbatur,
1248 1838 1360 1868 cum
1385 1823 1593 1869 maxime

251 1895 607 1959 inexspectatus
620 1908 965 1960 propugnator,
980 1914 1092 1945 casu
1109 1899 1272 1945 nescio
1289 1915 1389 1961 quo
1400 1910 1593 1962 repente

250 1973 444 2028 exstitit,
485 1974 569 2036 qui
607 1990 663 2020 ex
702 1975 891 2038 integro
928 1987 1178 2022 renovaret
1217 1974 1417 2022 bellum.
1466 1976 1590 2022 Nam

253 2069 276 2094 (ς
299 2048 587 2114 Theologus
619 2069 641 2094 »
674 2052 934 2114 quispiam,
966 2068 1079 2098 cum
1110 2068 1136 2098 a
1166 2052 1430 2100 Boursault
1453 2052 1594 2100 vehe-

250 2138 439 2174 menter
481 2139 730 2191 rogaretur
776 2139 829 2174 ut
876 2127 933 2174 de
974 2127 1162 2176 theatro
1203 2130 1594 2192 interpretaretur

249 2202 369 2266 quid
403 2205 616 2260 sentiret,
655 2205 719 2251 ita
753 2205 1045 2252 sententiam
1077 2222 1216 2253 suam
1251 2207 1591 2270 interpretatus

249 2291 322 2327 est
355 2291 410 2327 ut
441 2280 679 2344 epistula¹
715 2281 912 2344 perinde
945 2281 1123 2329 valeret
1150 2294 1404 2346 tamquam
1438 2283 1591 2347 hujus

248 2358 417 2405 aetatis
441 2357 613 2405 theatri
633 2357 998 2405 absolutissima
1025 2359 1292 2422 eademque
1315 2360 1592 2423 impruden-

249 2434 437 2481 tissima
475 2434 709 2482 defensio.
752 2435 893 2488 Quae
931 2435 1066 2482 valde
1106 2438 1356 2483 temeraria
1389 2453 1441 2483 ac
1482 2453 1591 2484 vere

249 2510 580 2575 incongruens
636 2513 915 2559 intercessio
970 2513 1087 2559 iram
1139 2529 1431 2577 magnopere
1479 2515 1592 2561 Bos-

247 2589 391 2635 suetii
462 2590 642 2644 movit;
704 2600 750 2635 et
816 2589 1238 2651 quemadmodum
1302 2590 1590 2654 Theologus

306 2730 338 2756 1.
370 2719 490 2757 Lettre
505 2718 594 2757 d'un
622 2717 830 2771 Theologien
849 2717 1005 2765 illustre,
1026 2729 1101 2758 etc.
1135 2721 1247 2770 1694.
