1930 3294
897 281 1103 325 -6-

329 392 478 439 chum
500 402 732 447 moverat,
751 391 846 439 fere
862 390 1143 439 habebatur.
1164 392 1292 440 Cum
1310 408 1425 439 vero
1441 391 1678 441 defensio·
1718 409 1724 412 ·

327 486 438 516 nem
470 486 570 516 non
607 485 748 516 suam
777 485 881 516 esse
910 469 1049 516 Pater
1085 470 1436 533 rescripsisset¹
1468 486 1676 534 eamque

325 562 542 609 expresse
586 544 951 610 reprobavisset‚
999 546 1258 594 Bossuetio
1299 545 1367 593 nil
1423 547 1676 610 antiquius

324 624 417 671 fuit
445 639 593 686 quarn
623 634 691 679 ut,
724 621 810 670 illo
833 624 1036 679 omisso,
1067 622 1262 687 publice
1286 624 1500 672 veritatis
1525 625 1677 672 susci-

324 711 455 764 peret
482 701 825 764 patrocinium.
849 701 913 747 Ea
939 716 1116 764 nempe
1138 701 1232 748 fuit
1256 699 1409 748 libelli
1433 700 1675 749 scribendi

324 778 681 842 opportunitas.

388 850 898 899 Animadvertendum
927 852 1146 915 primum
1175 862 1246 899 est
1278 851 1439 899 multo
1469 851 1676 916 produc-

325 930 498 977 tiorem
520 945 623 976 esse
646 927 874 976 libellum
892 945 1042 992 quam
1055 926 1264 992 epistula
1283 939 1366 976 est.
1384 929 1674 978 Bossuetius

324 1007 458 1054 enim
493 1005 624 1053 haud
665 1006 948 1069 quicquam,
987 1006 1037 1052 in
1078 1005 1171 1053 hoc
1211 1022 1343 1053 novo
1383 1022 1541 1070 opere,
1579 1007 1674 1054 nisi

323 1083 629 1132 abundanter
676 1094 722 1130 et
762 1082 992 1146 explicate
1039 1082 1178 1146 loqui
1227 1082 1347 1130 vult.
1396 1084 1453 1130 Et
1500 1084 1615 1147 quia
1663 1100 1672 1131 :

327 1181 349 1206 «
381 1160 600 1208 doctrina
632 1171 757 1208 certa
782 1159 1012 1207 homines
1045 1160 1298 1224 indigent²
1327 1181 1347 1203 »
1374 1188 1441 1196 -
1466 1161 1534 1208 sic
1562 1160 1675 1208 inde

323 1255 349 1285 a
385 1239 626 1302 principio
655 1237 876 1294 declarat,
901 1266 968 1273 —
1012 1237 1191 1285 idcirco
1230 1254 1525 1302 magnopere
1564 1254 1676 1286 con-

322 1315 479 1363 tendit
502 1325 556 1362 ut
587 1334 609 1359 «
639 1314 764 1362 hanc
790 1315 1133 1378 quaestionem
1155 1331 1305 1378 quam
1333 1314 1479 1362 multi
1507 1315 1676 1363 confu-

322 1392 501 1440 derunt
527 1403 671 1455 atque
698 1391 1075 1455 implicaverunt
1100 1411 1123 1437 ³>
1162 1391 1458 1456 pellucidam
1495 1391 1672 1440 reddat.

323 1469 475 1524 Quod
497 1470 832 1532 consequitur,
851 1470 890 1517 si
915 1468 1040 1516 nihil
1063 1468 1158 1517 hoc
1175 1468 1344 1517 libello
1369 1468 1674 1517 enucleatius

323 1558 406 1595 est.

385 1624 528 1680 Nam,
581 1624 670 1671 etsi
723 1639 970 1687 nusquam
1014 1624 1065 1671 in
1121 1622 1215 1671 hoc
1261 1623 1464 1687 quidem
1513 1639 1672 1688 opere,

322 1700 456 1765 quod
490 1700 587 1748 alio
622 1701 671 1747 in
702 1700 826 1748 libro
846 1706 874 1757 ³,
904 1700 999 1748 hoc
1027 1712 1186 1765 aperte
1223 1700 1517 1765 explicatum
1548 1716 1676 1764 repe-

264 1783 269 1803 >
322 1779 477 1825 rimus
523 1788 835 1842 praeceptum
867 1797 890 1823 <c
945 1778 1163 1825 theatrum
1201 1794 1290 1826 non
1328 1777 1524 1826 adeundi
1557 1796 1598 1834 »,
1624 1777 1672 1825 id

320 1866 485 1903 tamen
513 1871 569 1902 ex
595 1854 832 1903 omnibus
872 1854 980 1903 libri
1009 1854 1144 1912 locis,
1177 1854 1255 1903 vel
1292 1856 1459 1919 potius
1487 1871 1544 1902 ex
1569 1870 1674 1902 uno

321 1948 522 1995 quoque
587 1932 850 1980 verborum
928 1933 1043 1980 satis
1123 1932 1385 1980 manifesto
1463 1942 1671 1996 apparet.

319 2010 609 2057 Bossuetius
637 2010 771 2056 enim
798 2008 923 2056 nihil
949 2008 1082 2057 aliud
1111 2026 1261 2072 quam
1285 2009 1592 2057 Christianos
1613 2008 1673 2057 ab

319 2088 412 2134 isto
437 2086 654 2149 quodam
686 2105 708 2131 «
739 2085 1007 2134 libidinum
1029 2086 1305 2134 deversorio
1332 2105 1354 2131 >³
1386 2096 1595 2134 avertere
1623 2097 1673 2133 et

318 2179 471 2211 arcere
496 2163 795 2210 destinatum
819 2163 976 2211 habet.
1005 2163 1156 2217 Quod
1186 2163 1391 2211 verbum
1420 2179 1535 2211 sane
1565 2179 1666 2210 non

318 2240 661 2288 vehementius
695 2251 767 2287 est
805 2256 969 2303 quarn,
1015 2251 1070 2287 ut
1096 2241 1244 2288 sentit
1282 2241 1542 2304 episcopus
1574 2239 1670 2294 ille,

320 2333 391 2365 res
420 2318 611 2381 patitur.
639 2317 731 2365 Sed
758 2318 979 2365 convicia
1008 2334 1107 2364 non
1138 2316 1349 2373 adhibet,
1375 2318 1556 2380 quippe
1584 2317 1668 2380 qui

376 2459 408 2486 1.
443 2447 627 2500 Reponse
642 2446 694 2486 du
712 2448 754 2486 P.
773 2446 945 2496 Caffaro‚
968 2459 1009 2486 11
1034 2447 1111 2486 mai
1138 2448 1252 2498 1694.

372 2519 408 2546 2.
434 2505 616 2545 Maximes
638 2510 670 2545 et
687 2504 957 2560 Reflexionssur
975 2505 1012 2545 la
1034 2506 1215 2556 Come'die‚
1239 2507 1267 2545 I.

376 2579 409 2616 3.
446 2564 571 2604 Traite'
587 2564 680 2604 dela
694 2565 987 2620 Concufflscence,
1007 2566 1142 2605 XXXI
1158 2581 1167 2605 :
1193 2582 1212 2602 «
1231 2564 1441 2604 N’assistez
1461 2565 1577 2618 point
1595 2577 1670 2604 aux

319 2625 510 2673 theatres3
531 2638 595 2664 car
616 2634 705 2664 tout
725 2638 751 2678 y
777 2634 848 2672 est,
867 2638 1025 2664 comme
1049 2625 1144 2664 dans
1168 2624 1204 2664 le
1226 2624 1372 2664 monde
1395 2623 1492 2663 dont
1513 2623 1559 2662 ils
1581 2633 1672 2664 sont

318 2682 487 2736 l’image,
511 2697 563 2722 ou
585 2684 900 2740 concupiscence
919 2684 968 2723 de
993 2684 1026 2723 la
1047 2684 1168 2731 chair,
1189 2697 1241 2722 ou
1267 2683 1581 2736 concupiscence
1601 2682 1670 2722 des

315 2755 434 2795 yeux,
454 2752 528 2782 etc.
549 2759 567 2779 »

1913 3277 1926 3294 Ἀ
1904 2883 1930 3260 ’ὥκκῑᾶ-ΠᾸΜ-μῐω-..ῌι--κγ
1917 2806 1930 2858 <eu-
1924 2721 1930 2769 ...-
1919 2670 1930 2693 ‚⁴
1926 2638 1930 2646 ,
1927 2590 1930 2597 Α
