1930 3294
880 282 1115 326 ,30-

314 381 517 443 scriptor
584 381 835 427 materiam
900 379 1129 436 hauserit,
1198 380 1664 445 consideramusque

316 457 577 504 nobiscum
608 458 699 520 ipsi
722 468 821 504 tam
838 457 1146 505 lutulentum
1174 464 1183 482 ¹
1216 468 1356 505 antea
1383 457 1665 506 comoediae

315 533 502 581 flumen
532 533 590 581 ab
619 533 705 581 illo
751 551 900 597 paene
942 535 1153 582 omnino
1199 551 1302 583 esse
1345 534 1664 592 defaecatum,

316 610 446 658 laudi
473 610 679 658 Molerio
706 611 1049 659 verecundiam
1075 611 1263 659 damus.
1295 612 1548 675 Quicquid
1579 623 1665 669 est,

318 689 504 735 nemini
533 705 704 736 eorum
730 690 814 752 qui
849 688 1041 736 Molerii
1079 689 1358 737 comoedias
1397 700 1666 753 perspectas

317 764 512 821 habent,
541 766 608 813 sic
641 782 717 813 eas
747 767 1022 829 ignominia
1052 777 1217 814 notare
1243 767 1492 814 succurrit.

378 925 635 974 Nonnulla
688 943 801 974 vero
863 927 1011 990 impie
1061 926 1186 974 dicta
1234 926 1362 990 apud
1402 926 1665 974 Molerium

316 1005 635 1066 reperiuntur.
675 1003 767 1051 Sed
808 1005 920 1066 quis
964 1003 1309 1069 hujuscemodi
1346 1004 1489 1052 verba
1525 1004 1668 1051 facit?

317 1081 548 1128 Homone
575 1080 707 1128 ullus
726 1080 981 1137 honestus,
1012 1081 1290 1144 probabilis,
1314 1092 1458 1129 natus
1477 1081 1535 1129 ad
1557 1097 1669 1128 con-

316 1157 585 1206 ciliandum
602 1157 694 1206 sibi
716 1158 947 1214 favorem,
971 1158 1281 1222 idoneusque
1298 1160 1383 1222 qui
1404 1158 1462 1206 ad
1484 1169 1666 1222 partem

317 1252 457 1282 suam
487 1252 577 1283 nos
616 1234 808 1292 alliciat,
837 1252 897 1283 an
936 1237 1146 1299 insignis
1189 1235 1372 1284 nebulo
1403 1237 1503 1299 qui,
1546 1235 1668 1283 dum

318 1314 624 1360 sanctissima
651 1329 874 1376 quaeque
898 1313 1083 1360 invadit
1111 1325 1157 1360 et
1179 1314 1348 1360 omnia
1379 1330 1502 1376 quae
1527 1314 1670 1361 senti-

319 1406 445 1446 mus,
469 1390 748 1454 probamus,
769 1390 996 1447 colimus,
1021 1402 1227 1438 retexere
1251 1401 1297 1438 et
1323 1402 1530 1438 evertere
1555 1407 1668 1454 gau-

319 1467 411 1523 det,
450 1467 745 1515 detestabilis
774 1469 921 1531 pestis
956 1479 1115 1531 aperte
1152 1467 1487 1532 significatur?
1512 1469 1668 1515 Istum

317 1561 431 1592 vero
469 1546 526 1591 D.
558 1546 815 1605 Joannem,
855 1546 939 1608 qui
987 1546 1241 1609 sanguinis
1267 1556 1312 1592 et
1349 1545 1598 1592 affinitatis
1623 1554 1670 1592 et

316 1623 510 1669 virtutis
544 1633 590 1669 et
626 1621 896 1670 honestatis
933 1623 1236 1670 sanctissima
1284 1623 1388 1687 jura
1429 1621 1668 1678 dissolvit,

318 1699 509 1763 expedit
529 1701 674 1747 etiam
696 1700 897 1747 fortasse
931 1716 1031 1747 non
1073 1688 1400 1764 aRelligione
1428 1699 1668 1747 abstinere

318 1778 433 1840 ipsa.
455 1777 583 1824 Nam
604 1776 789 1840 aliquid
818 1778 867 1823 in
895 1776 1004 1824 talis
1032 1776 1254 1824 hominis
1283 1778 1530 1840 impietate
1551 1776 1671 1824 desi-

320 1853 577 1910 deraretur,
602 1855 695 1901 nisi
727 1855 876 1902 etiam
896 1870 1005 1918 erga
1031 1855 1194 1901 Deum
1223 1855 1406 1918 impius
1434 1853 1667 1901 evaderet.

320 1931 412 1979 Sed
429 1930 523 1978 hoc
551 1948 739 1978 novum
761 1931 933 1988 scelus,
947 1948 1061 1979 cum
1077 1943 1150 1979 tot
1174 1931 1280 1979 aliis
1315 1930 1668 1995 superadditur,

321 2025 421 2056 non
451 2008 615 2056 solum
642 2009 913 2071 nequitiam
942 2009 1139 2072 perficit,
1170 2025 1342 2056 verum
1367 2009 1597 2055 societate
1623 2018 1671 2055 et

319 2087 610 2150 contagione
660 2097 931 2133 ceterorum
977 2097 1131 2133 totam
1194 2101 1427 2149 personae
1477 2084 1671 2133 exhibet

320 2163 647 2226 pestilentiam
671 2174 716 2210 et
743 2163 784 2210 ei
816 2164 1053 2228 majorem
1097 2163 1333 2210 invidiam
1367 2162 1492 2210 facit.
1522 2163 1671 2216 Quic-

320 2240 438 2303 quid
467 2241 615 2304 igitur
654 2240 786 2287 nefas
817 2251 915 2287 tam
946 2240 1157 2287 nefarius
1182 2239 1337 2287 homo
1378 2239 1602 2303 loquitur
1624 2250 1671 2286 et

320 2318 599 2373 committit,
626 2317 843 2380 quodam
871 2317 1022 2365 modo
1048 2318 1096 2364 in
1126 2318 1317 2382 pietatis
1353 2316 1549 2364 laudern
1573 2332 1671 2363 ver-

320 2395 439 2442 titur
461 2405 585 2442 recte
603 2394 949 2459 judicantibus.

385 2471 449 2518 At
470 2473 603 2519 enim
628 2472 739 2535 quis
759 2470 1023 2519 Molerium
1053 2471 1171 2519 ferre
1199 2482 1358 2535 potest
1381 2469 1671 2534 Relligionis

322 2565 518 2596 causam
537 2577 603 2585 —
630 2566 731 2596 non
756 2548 921 2604 semel,
962 2548 1044 2596 sed
1082 2549 1495 2612 quotiescumque
1529 2547 1587 2595 de
1617 2563 1671 2594 ea

322 2737 345 2776 d
380 2692 414 2719 1.
446 2681 496 2718 V.
517 2678 547 2718 le
570 2679 708 2718 Pe'dant
731 2679 828 2732 joud,
853 2678 900 2718 les
924 2679 1150 2727 Corrivaux,
1183 2678 1230 2718 les
1263 2677 1493 2718 Galanteries
1521 2676 1572 2717 du
1602 2676 1672 2717 duc

349 2737 507 2786 'Ossone,
527 2749 601 2778 etc.
