1930 3294
806 244 864 251 -—
897 231 918 276 3
954 243 1012 250 ...-

234 324 346 372 sint.
374 324 584 372 Tantam
615 323 686 371 illi
714 324 763 371 in
794 323 1115 387 vituperando
1140 325 1388 371 remittant
1413 324 1582 371 severi-

233 410 397 449 tatem.
413 401 540 448 Nam
563 417 722 464 neque
735 411 834 448 tam
852 400 1114 465 indignum
1137 399 1405 448 consilium
1427 401 1581 463 capio,

235 493 395 541 neque
426 477 808 525 christianorum
836 494 1035 526 morum
1063 478 1391 542 integritatem
1431 477 1579 524 unius

234 552 469 610 hominis,
510 555 829 618 quantumvis
862 554 1082 602 doctrina
1120 554 1440 617 moribusque
1474 553 1584 600 licet

235 630 448 687 excellat,
478 632 527 678 in
549 630 708 679 verbis
736 632 947 695 positam
973 647 1075 679 esse
1097 647 1286 679 censeo.
1319 632 1501 694 Itaque,
1525 641 1580 677 ut

235 723 390 772 spero,
419 724 506 756 nec
528 708 773 755 Bossuetii
801 707 1065 764 studiosos,
1089 724 1176 755 nec
1200 709 1286 771 qui
1305 707 1582 755 officiorum

235 796 489 832 momenta
556 784 931 848 diligentissime
995 784 1317 849 perpendunt,
1363 783 1582 832 laesurus

235 877 362 909 sum.
387 861 544 921 Tanta
572 861 695 908 mihi
724 863 812 908 erit
838 862 1128 910 verecundia
1155 872 1201 909 et
1231 878 1379 909 suum
1405 861 1583 924 cuique

234 937 481 986 tribuendi
509 939 647 985 anxia
681 937 933 986 voluntas!

299 1069 456 1116 Pauca
488 1084 602 1115 vero
630 1068 787 1116 dicam
815 1068 873 1116 de
901 1068 1084 1116 ordine.
1115 1069 1181 1117 Ut
1209 1069 1394 1115 ratione
1424 1078 1471 1115 et
1508 1068 1584 1114 via

237 1144 463 1209 procedat
491 1144 775 1209 disputatio,
807 1162 907 1193 non
938 1145 1147 1209 singulis
1172 1146 1418 1208 scriptoris
1446 1145 1584 1192 vesti-

150 1233 165 1243 *
236 1223 330 1287 giis
366 1223 603 1280 insistam,
641 1251 704 1256 —
752 1222 885 1285 quod
929 1222 1130 1286 quidem
1181 1222 1386 1270 verbum
1437 1221 1584 1269 verbo

237 1298 494 1364 explicanti
518 1315 667 1362 quam
698 1298 967 1363 disputanti
993 1300 1154 1363 aptius
1181 1310 1264 1347 est.
1288 1298 1415 1346 Illud
1442 1314 1584 1362 porro

185 1379 189 1382 ’
237 1377 456 1440 primum
491 1377 738 1439 inquiram
794 1375 912 1439 quid
955 1376 1013 1424 de
1068 1375 1257 1423 theatro
1301 1374 1586 1440 generaliter

236 1454 440 1501 senserit
483 1453 784 1511 Bossuetius.
834 1454 960 1500 Dein
1016 1469 1236 1517 quonam
1294 1452 1445 1500 modo
1507 1451 1584 1499 vel

236 1531 454 1578 comicos
480 1530 555 1578 vel
589 1531 794 1594 tragicos
827 1541 1063 1578 nostrates
1090 1529 1375 1595 judicaverit
1402 1540 1582 1593 poetas.

235 1605 368 1655 Tum
394 1623 508 1654 vero
536 1623 662 1670 quos
683 1607 774 1655 sibi
810 1608 858 1654 in
888 1606 1213 1670 improbando
1246 1606 1434 1654 theatro
1479 1621 1586 1653 auc-

236 1691 364 1728 tores
394 1681 602 1744 proferat
637 1682 892 1744 requiram.
924 1682 1239 1744 Demumque
1267 1696 1367 1743 quo
1405 1690 1586 1743 spectet

236 1758 343 1822 ejus
369 1757 723 1805 demonstratio
744 1757 1176 1813 considerabimus,
1199 1768 1246 1804 et
1273 1768 1515 1820 quatenus
1542 1756 1584 1803 ei

238 1834 486 1899 suffragari
512 1834 744 1898 expediat,
773 1845 818 1882 et
842 1851 991 1898 quem
1016 1851 1073 1882 ex
1096 1851 1149 1882 ea
1178 1834 1392 1881 fructum
1420 1848 1584 1896 capere

203 1909 208 1912 ’
241 1912 507 1975 possimus.
