1930 3294
815 261 1051 305 -31-

256 358 306 405 in
353 357 531 406 fabulis
578 359 828 423 agitur—
855 358 913 405 ad
962 358 1168 406 stolidos
1208 357 1438 406 homines
1476 357 1600 406 defe-

254 446 441 482 rentem
502 436 587 498 qui
642 435 877 498 quicquid
936 435 1120 491 dicunt,
1182 436 1469 499 insipienter
1523 434 1598 482 vel

255 511 455 559 ridicule
500 512 710 560 dicunt?
748 511 885 564 Ouid
916 514 1085 559 enim?
1112 528 1279 560 nonne
1317 511 1401 559 tali
1439 512 1600 560 defen-

252 589 380 636 sioni
408 588 529 636 alios
580 600 811 653 patronos
858 590 1154 637 constituere
1190 588 1395 637 debebat
1450 600 1597 652 atque

252 665 589 730 Sganarellum
600 665 1007 729 autArnolphum
1034 666 1261 714 ¹?Nonne
1276 667 1594 730 perspicuum

253 753 326 790 est
346 741 479 790 hunc
504 754 713 806 poetam,
736 742 914 791 talibus
928 742 1159 791 adhibitis
1181 743 1412 807 patronis,
1439 743 1599 790 immi-

255 835 403 867 nuere
443 836 497 867 ac
543 820 758 884 frangere
802 819 925 867 velle
964 836 1161 868 causam
1211 820 1395 868 bonam
1448 836 1598 883 quam

253 895 571 944 simulatione
595 896 899 944 defendunt?
924 896 1154 951 —Quod
1186 898 1253 944 sic
1285 895 1601 944 concluditur

252 989 354 1020 non
385 990 442 1021 ex
462 975 726 1037 propositis
748 973 967 1029 efficitur,
997 990 1157 1037 neque
1178 985 1251 1022 est
1269 990 1596 1037 consequens.

250 1050 378 1098 Nam
405 1050 524 1098 aliae
559 1052 704 1098 etiam
745 1067 929 1106 causae,
961 1067 1121 1114 neque
1162 1052 1299 1114 ipsae?
1323 1050 1599 1107 deteriores,

215 1175 222 1182 „
253 1127 519 1191 aliquando
549 1127 678 1191 apud
708 1127 970 1175 Molerium
1006 1127 1339 1175 defenduntur
1377 1127 1597 1175 absurde.

252 1203 414 1252 Testis
449 1216 520 1252 est
554 1204 794 1272 Alcestus‚
834 1205 919 1268 qui
955 1206 1168 1252 veritatis
1216 1221 1267 1252 ac
1310 1206 1599 1252 sinceritatis

254 1282 701 1346 propugnationem
746 1283 811 1329 ita
853 1281 945 1329 sibi
976 1283 1180 1345 suscipit
1216 1293 1271 1329 ut
1307 1298 1447 1345 saepe
1474 1282 1599 1329 risus

254 1371 448 1406 moveat
469 1364 505 1426 ²3
554 1359 667 1406 Non
724 1360 1063 1406 existimamus
1107 1370 1272 1406 autem
1319 1358 1469 1406 ridere
1523 1358 1598 1406 vel

253 1434 502 1484 debilitare
546 1435 762 1483 voluisse
814 1435 991 1483 idcirco
1055 1436 1382 1502 sinceritatem
1441 1437 1599 1499 ipsam

255 1512 533 1567 Molerium,
573 1514 755 1576 quippe
809 1514 895 1576 qui
943 1524 1112 1576 pectus
1163 1506 1386 1576 apertum
1433 1512 1601 1560 candi-

253 1588 467 1654 damque
488 1589 711 1654 linguam
734 1590 783 1636 in
797 1588 961 1653 {prima
978 1589 1412 1637 commendatione
1434 1600 1598 1654 ponat.

310 1762 346 1788 1.
377 1750 428 1787 V.
448 1750 538 1788 “Don
551 1750 654 1798 Juan
672 1758 711 1788 et
729 1743 836 1788 Ecole
859 1748 919 1787 des
933 1749 1112 1788 Femmes.

309 1821 346 1848 2.
376 1807 579 1848 Alcestum
597 1807 746 1848 scilicet
774 1808 1003 1847 Bossuetius
1034 1818 1196 1862 spectat,
1230 1821 1322 1848 cum
1349 1808 1600 1862 reprehendit

255 1883 276 1904 α
306 1867 398 1907 istas
431 1866 676 1915 comoedias,
708 1866 777 1906 ubi
814 1867 987 1906 virtus...
1028 1879 1183 1920 semper
1220 1866 1385 1906 ridicula
1419 1877 1527 1907 est...
1577 1883 1597 1904 n

183 1936 185 1938 ·
254 1926 379 1974 Quod
398 1927 429 1965 si
446 1925 547 1966 forte
567 1939 650 1965 rem
673 1926 773 1966 adeo
789 1926 921 1965 tritam
938 1925 1122 1979 pluribus
1153 1925 1281 1965 verbis
1315 1926 1381 1965 hic
1414 1925 1600 1979 amplecti

253 1998 336 2026 non
360 1986 530 2040 expedit,
552 1985 689 2024 saltem
713 1985 881 2025 breviter
900 1985 1040 2024 referre
1053 1984 1144 2024 licet
1166 1998 1267 2038 quae
1284 1985 1331 2024 ad
1355 1985 1432 2024 hoc
1449 1986 1600 2024 crimen

254 2045 511 2084 derivandum
526 2046 604 2098 jam
621 2044 774 2098 saepius
794 2057 980 2098 responsa
998 2045 1089 2084 sint.
1109 2069 1161 2072 —
1186 2044 1245 2097 1⁰)
1257 2044 1438 2084 Alcestus
1456 2057 1599 2098 nequa-

253 2117 374 2158 quam
383 2105 517 2144 virtuti
536 2103 811 2143 assimilandus
827 2112 934 2143 est...
951 2104 1079 2152 ;hunc
1091 2103 1211 2157 igitur
1223 2103 1351 2143 ridere
1367 2117 1595 2156 possumus,

254 2176 384 2217 neque
401 2163 491 2203 ideo
504 2164 630 2217 ipsam
650 2162 858 2202 irridemus
875 2163 1077 2202 virtutem.
1097 2162 1161 2215 2⁰)
1175 2163 1278 2202 Cum
1295 2175 1390 2202 vero
1406 2162 1454 2202 ad
1474 2163 1601 2202 virtu-

253 2232 335 2262 tem
355 2223 533 2274 proxime
553 2222 733 2261 Alcestus
761 2222 925 2270 accedit,
951 2231 1045 2261 tunc
1074 2221 1187 2260 illum
1221 2222 1386 2261 minime
1410 2221 1599 2262 ridemus.

258 2281 321 2334 3⁰)
332 2282 547 2335 Nunquam
558 2291 707 2329 autem,
718 2282 832 2320 etiam
844 2294 936 2320 cum
951 2279 1061 2319 illum
1075 2282 1242 2320 maxime
1253 2280 1441 2329 ridemus,
1458 2280 1605 2320 idcirco

254 2341 564 2380 contemnimus.
585 2340 651 2392 4⁰)
670 2341 860 2394 Persaepe
880 2350 1091 2393 praeterea,
1115 2339 1171 2379 nil
1186 2340 1355 2379 omnino
1378 2339 1535 2379 ridiculi
1562 2339 1603 2379 in

253 2413 303 2440 eo
322 2400 538 2448 invenitur,
557 2409 610 2447 et,
627 2400 667 2438 in
682 2412 851 2444 summa,
867 2398 966 2438 adeo
985 2412 1067 2438 non
1081 2397 1129 2438 ab
1139 2398 1299 2438 Alcesto
1313 2398 1465 2438 alienos
1482 2397 1603 2438 habe-

254 2472 343 2498 mus
360 2460 532 2507 animos,
554 2459 622 2498 sed
635 2458 754 2498 etiam
777 2458 980 2512 diligimus
1000 2454 1045 2498 a‘c
1063 2471 1186 2511 paene
1208 2457 1422 2511 probamus
1435 2467 1466 2496 ⁰.

272 2531 281 2537 ’
298 2547 337 2590 a)
360 2544 417 2581 Cf.
443 2545 544 2579 illum
564 2545 744 2579 Rousseau
773 2543 919 2579 locum:
949 2557 967 2576 κ
986 2543 1036 2579 Le
1067 2544 1312 2590 misanthrope
1338 2555 1383 2578 ne
1406 2544 1509 2578 laisse
1540 2555 1601 2591 pas

252 2597 473 2633 d'interaeser
505 2606 542 2633 et
560 2598 604 2632 de
632 2597 738 2644 plaire
742 2623 814 2632 .....
836 2606 871 2632 et
892 2608 940 2631 on
966 2608 1003 2632 se
1031 2606 1109 2632 sent
1136 2608 1181 2631 au
1216 2596 1303 2632 fond
1334 2597 1382 2631 du
1415 2608 1517 2632 coeur
1550 2609 1600 2631 un

251 2659 386 2749 ιξὲεΐῐ
416 2662 506 2698 pour
520 2650 583 2693 lui,
601 2651 687 2686 dont
703 2661 752 2685 on
770 2661 813 2685 ne
837 2659 921 2697 peut
937 2660 975 2685 se
996 2649 1176 2685 defendre.
1203 2666 1222 2681 υ
1239 2649 1375 2695 (Lettre
1395 2652 1415 2684 a
1434 2649 1599 2685 d‘Alem-
