1930 3294
916 258 1150 300 ..66—

356 366 690 431 intellegimus
723 369 965 415 Bossuetii
991 380 1339 433 argumentum
1370 385 1469 416 non
1498 369 1699 418 fortasse

353 454 546 492 tantum
570 444 751 508 pollere
769 452 1011 508 quantum
1031 447 1192 509 primo
1210 457 1416 510 apparet.
1442 447 1568 494 Nam
1598 463 1698 495 non

353 521 517 569 solum
548 521 714 569 nullos
748 522 828 570 ille
865 524 1068 587 scriptor
1103 535 1293 587 apertos
1326 523 1384 571 de
1423 534 1523 571 tarn
1569 524 1700 588 gravi
1757 543 1759 545 >

353 600 641 662 quaestione
668 598 802 647 locos
824 600 1017 663 profert,
1048 600 1130 648 sed
1171 602 1316 648 etiam
1358 599 1499 648 nullo
1549 600 1699 649 modo

353 676 410 724 ad
450 676 801 741 suspicandum
841 677 1013 725 adduci
1056 694 1323 742 possumus
1364 679 1539 735 Patres,
1584 694 1698 726 cum

352 765 450 801 tam
508 755 714 818 graviter
758 754 1004 803 theatrum
1051 744 1428 820 objurgaverint,
1473 772 1574 803 non
1621 771 1700 804 eas

353 831 632 879 comoedias
660 833 932 896 propositas
968 832 1212 890 habuisse,
1253 850 1377 897 quae
1411 843 1701 881 attentarent

354 908 653 973 pudicitiam.
685 910 886 974 Semper
918 911 1050 958 enim
1078 912 1218 958 istius
1240 910 1374 958 modi
1402 911 1550 959 nimis
1577 909 1702 958 mul-

353 998 426 1033 tae
475 986 757 1034 comoediae
800 987 1014 1044 fuerunt,
1051 999 1097 1035 et
1154 987 1480 1036 verisimiliter
1521 987 1700 1036 talibus

353 1063 582 1127 operibus
615 1063 845 1112 voluntas
891 1065 1084 1129 publica
1122 1066 1439 1129 potissimum
1480 1064 1699 1122 indulsit,

353 1157 467 1188 cum
501 1142 665 1188 senuit
697 1153 743 1188 et
776 1142 825 1188 in
860 1142 1073 1190 deterius
1107 1142 1239 1206 lapsa
1278 1144 1499 1191 Romana
1534 1143 1702 1197 civitas

353 1229 436 1266 est.
484 1219 661 1266 Parum
709 1220 930 1283 cognitas
973 1219 1214 1267 habemus
1261 1219 1540 1268 comoedias
1577 1236 1700 1284 quae

353 1306 459 1343 tum
521 1295 834 1353 docebantur,
894 1313 1053 1361 neque
1108 1314 1259 1345 unam
1307 1314 1467 1345 unum
1511 1298 1699 1345 Patrem

354 1373 557 1420 nomine
613 1372 892 1437 designasse
945 1373 1150 1422 arbitror
1177 1381 1204 1421 ¹>.
1254 1375 1383 1422 Cum
1436 1376 1585 1438 igitur
1648 1375 1699 1422 in

353 1451 536 1498 incerto
550 1451 612 1498 sit
624 1467 710 1507 res,
723 1450 841 1514 quid
858 1451 1018 1499 obstat
1034 1453 1154 1515 quin
1168 1451 1419 1500 Plautinas
1433 1451 1509 1500 vel
1524 1451 1701 1500 Teren-

351 1529 505 1575 tianas
529 1527 716 1576 fabulas
742 1529 791 1574 in
814 1528 1013 1576 theatris
1041 1530 1187 1576 etiam
1206 1546 1338 1577 nunc
1359 1530 1547 1577 stetisse
1564 1540 1697 1594 pute-

353 1606 660 1668 mus‚eisque
684 1605 928 1653 veteribus
945 1622 1097 1654 novas
1119 1608 1373 1654 accessisse
1394 1623 1518 1670 quae
1533 1607 1698 1671 potius

351 1682 691 1730 Plautinarum
761 1682 1083 1746 petulantiam
1159 1685 1482 1748 exprimerent
1548 1700 1697 1748 quam

351 1759 755 1807 Terentianarum
782 1761 1158 1825 verecundiam?
1189 1762 1254 1808 At
1281 1778 1333 1808 ea
1358 1777 1487 1809 mera
1515 1761 1700 1827 conjec-

352 1848 458 1884 tura
489 1848 582 1894 est;
607 1854 721 1884 nam
747 1837 890 1901 plane
917 1838 1021 1886 fieri
1051 1849 1210 1903 potest
1233 1850 1286 1887 ut
1311 1839 1526 1886 Terentii
1562 1837 1700 1886 Plau-

352 1915 487 1978 tique
508 1914 698 1962 fabulae
723 1931 779 1962 ex
805 1931 972 1963 earum
997 1918 1360 1980 comparatione
1382 1916 1563 1979 quibus
1589 1926 1697 1964 turn

352 1991 519 2055 plaudi
549 1991 734 2040 solebat
778 2009 864 2056 pro
904 1992 1267 2042 honestissimis
1302 1993 1544 2057 putandae
1585 1994 1696 2042 sint.

353 2069 555 2117 Certum
604 2070 775 2132 utique
823 2070 1028 2127 videtur,
1062 2072 1101 2119 si
1153 2071 1211 2118 de
1250 2070 1438 2118 theatro
1477 2070 1698 2136 ejusdem

351 2147 518 2194 aetatis
580 2163 604 2194 e
666 2146 1045 2195 vehementibus
1106 2147 1415 2204 Tertulliani,
1470 2147 1696 2203 Salviani‚

343 2225 381 2284 J.
425 2223 767 2286 Chrysostomi
815 2224 1191 2288 multorumque
1243 2225 1487 2273 aliorum²
1540 2224 1699 2273 verbis

350 2301 702 2357 existimamuS,
732 2302 837 2366 ejus
874 2301 1046 2350 theatri
1087 2302 1270 2367 flagitia
1292 2304 1431 2350 omni
1460 2303 1698 2366 opinione

350 2378 644 2425 deformiora
670 2378 834 2426 fuisse.
869 2380 941 2427 De
961 2379 1055 2427 hoc
1081 2381 1230 2444 igitur
1257 2396 1354 2427 una
1381 2396 1496 2427 cum
1521 2380 1698 2443 epistu-

350 2454 421 2502 lae
449 2456 678 2519 scriptore
703 2455 920 2504 decidere
937 2456 1048 2505 licet
1077 2474 1085 2504 ε
1119 2476 1141 2502 «
1173 2457 1420 2511 Quisnam
1448 2455 1694 2504 theatrum

407 2652 441 2679 ι.
467 2640 519 2679 At
549 2639 688 2680 saltem
702 2652 723 2678 a
743 2639 976 2680 Tertulliani
993 2650 1132 2681 aetate.

401 2709 437 2737 2.
469 2699 517 2737 V.
541 2700 661 2754 Lettre
682 2697 774 2737 d'un
794 2698 1004 2754 the'ologien,
1030 2714 1116 2754 p.p.
1146 2712 1188 2753 13
1209 2702 1230 2741 ὲ
1258 2713 1318 2752 19.
