1930 3294
797 255 1031 301 -47-

234 363 398 420 temur
426 352 673 417 iidemque
703 353 891 401 fontem
919 354 1075 402 altum
1097 366 1143 402 et
1170 355 1419 419 egregium
1448 354 1578 402 unde

233 428 467 478 exhausta
505 431 604 478 sint
652 446 752 478 non
793 430 1017 478 admirari
1057 448 1158 478 non
1210 433 1458 495 possimus
1489 437 1499 456 ¹
1536 451 1576 479 ».

235 507 484 561 Quisnam
512 523 624 554 vero
652 518 723 554 est
750 508 837 554 iste
862 507 973 555 fons
1001 509 1100 571 qui,
1118 509 1192 556 sin
1223 510 1390 556 minus
1409 519 1582 573 purgat

164 576 179 633 ζ’
235 582 561 647 honestatque
586 583 758 639 scelus,
791 595 836 631 at
864 595 987 632 certe
1014 585 1229 648 quodam
1258 585 1408 633 modo
1449 585 1580 633 illus-

170 699 188 722 ..
235 671 328 714 trat
347 662 394 708 ²?
413 662 637 708 Firmitas
670 660 893 727 videlicet
916 663 1084 717 animi,
1102 679 1198 725 qua
1223 662 1424 725 quidem
1452 662 1574 709 nihil

235 738 348 785 viro-
364 737 562 802 dignius
589 748 673 785 est.
709 738 835 785 Nam
867 739 967 785 sive
998 750 1114 786 sunt
1146 739 1279 794 boni,
1318 740 1418 786 sive
1446 739 1576 795 mali,

236 813 518 863 Corneliani
533 816 622 862 viri
639 831 691 862 ea
707 814 877 862 saltem
898 815 1053 862 affecti
1067 827 1184 863 sunt
1203 817 1395 872 virtute,
1413 833 1577 879 quam,

236 907 350 939 cum
378 891 642 939 virtutibus
668 904 959 939 annumerat
987 893 1035 939 in
1065 909 1273 956 quarum
1301 894 1439 956 quasi
1488 910 1580 941 car-

196 995 199 999 <
235 967 350 1016 dine
371 969 536 1016 omnis
563 970 659 1016 vita
673 970 887 1023 vertitur,
914 969 1228 1017 commendat
1257 987 1308 1018 ac
1333 982 1579 1018 consecrat
1620 983 1622 986 ’

236 1045 513 1094 Christiana
529 1045 729 1110 relligio,
746 1047 894 1093 Firmi
913 1048 1046 1093 enim
1068 1058 1184 1094 sunt
1211 1048 1269 1102 ei,
1299 1048 1455 1095 immo
1479 1058 1579 1095 tam

199 1179 204 1182 .
236 1122 451 1171 valentes
478 1139 627 1186 quam
656 1124 742 1186 qui
768 1124 977 1171 maxime
992 1123 1222 1180 valentes,
1245 1125 1425 1188 quippe
1453 1141 1579 1188 quos

235 1196 375 1246 nulla
394 1198 468 1244 vis
495 1208 649 1244 extera
682 1196 978 1260 nullumque
1005 1199 1267 1261 imperium
1293 1199 1341 1245 in
1377 1200 1579 1246 servitu-

236 1273 562 1338 temredigere
582 1274 747 1337 p'ossit.
766 1274 916 1328 Quod
937 1275 975 1321 si
1002 1274 1119 1322 forte
1139 1276 1362 1338 nequiter
1378 1275 1576 1332 faciunt,

238 1351 508 1415 nequitiam
559 1352 746 1399 nemini
797 1352 889 1398 nisi
946 1351 1263 1415 sibimetipsis
1313 1353 1577 1416 assignant,

183 1430 189 1435 '
237 1443 395 1492 neque
422 1429 743 1475 committunt
775 1439 828 1475 ut
854 1427 1048 1491 culpam
1081 1430 1130 1475 in
1156 1429 1311 1476 fatum
1342 1428 1575 1476 derivent.

236 1500 367 1553 Audi
404 1506 538 1552 enim
567 1504 807 1568 OEdipum
839 1521 893 1552 ea
926 1505 1182 1569 magnifice
1216 1505 1538 1553 declarantem
1568 1523 1576 1553 :

342 1612 473 1659 Quoi!
500 1611 536 1650 la
553 1611 742 1650 necessite
763 1611 831 1650 des
850 1621 980 1651 vertus
1004 1621 1041 1650 et
1061 1611 1128 1651 des
1155 1612 1260 1651 vices

343 1675 448 1716 D'un
471 1686 570 1716 astre
592 1677 810 1730 imperieux
842 1676 925 1716 doit
950 1677 1079 1716 suivre
1103 1676 1158 1716 les
1178 1677 1365 1730 caprices,

343 1742 392 1780 Et
418 1741 590 1795 Delphes
612 1741 759 1795 malgre
782 1755 883 1780 nous
904 1741 1071 1781 conduit
1095 1755 1167 1781 nos
1189 1742 1341 1782 actions

344 1807 406 1846 Au
427 1806 515 1860 plus
534 1807 679 1846 bizarre
699 1806 790 1846 effet
810 1806 859 1846 de
882 1819 942 1845 ses
966 1807 1234 1860 predictions?

342 1870 475 1911 L’ame
496 1881 553 1911 est
575 1872 680 1911 donc
708 1880 818 1912 toute
841 1871 1022 1911 esclave?
1050 1873 1139 1912 Une
1163 1872 1218 1911 loi
1242 1873 1473 1912 souveraine

343 1937 442 1976 Vers
461 1936 497 1976 le
515 1936 606 1976 bien
626 1950 679 1976 ou
707 1937 742 1976 le
766 1936 843 1975 mal
865 1937 1168 1976 incessamment
1190 1936 1418 1986 l’entraine;

342 2003 391 2042 Et
408 2015 509 2042 nous
533 2015 582 2041 ne
602 2015 794 2041 recevons
813 2002 853 2040 ni
876 2002 1020 2041 crainte
1045 2003 1086 2040 ni
1106 2002 1210 2042 desir

344 2067 403 2106 De
422 2076 524 2106 cette
543 2066 680 2106 liberte
703 2067 770 2120 qui
795 2066 856 2106 n'a
880 2067 963 2106 rien
981 2068 1002 2105 a
1018 2067 1179 2115 choisir,

343 2132 527 2172 Attaches
548 2145 636 2171 sans
659 2131 813 2171 relache
832 2133 854 2171 ἐι
872 2141 932 2171 cet
951 2132 1065 2171 ordre
1084 2131 1267 2180 sublime,

340 2198 541 2237 Vertueux
565 2210 654 2236 sans
675 2197 812 2236 merite
831 2206 869 2236 et
891 2197 1049 2236 vicieux
1071 2210 1158 2235 sans
1173 2198 1313 2236 crime!

343 2261 481 2308 Qu'on
503 2275 694 2301 massacre
714 2261 770 2300 les
789 2262 881 2309 rois,
904 2261 1027 2315 qu’on
1046 2261 1148 2300 brise
1167 2261 1222 2300 les
1240 2262 1379 2309 autels,

344 2325 451 2367 C’est
466 2326 502 2366 la
515 2326 618 2366 faute
638 2326 706 2365 des
721 2327 851 2374 dieux,
871 2335 909 2365 et
929 2340 1012 2365 non
1033 2340 1101 2379 pas
1122 2326 1190 2366 des
1209 2327 1393 2366 mortels!

346 2393 405 2431 De
426 2401 534 2431 toute
555 2391 591 2431 la
610 2401 721 2431 vertu
749 2405 814 2430 sur
834 2391 869 2430 la
888 2401 987 2430 terre
1004 2391 1185 2444 epandue
1498 2398 1513 2417 ⁰

344 2457 450 2496 Tout
466 2456 502 2496 le
518 2457 600 2510 prix
620 2458 641 2495 a
655 2470 719 2496 ces
736 2456 868 2504 diem,
894 2465 1003 2495 toute
1024 2456 1060 2495 la
1076 2456 1202 2510 gloire
1219 2466 1276 2495 est
1296 2456 1394 2505 due;

298 2599 332 2626 1.
362 2589 411 2626 V.
434 2586 551 2627 verba
580 2586 755 2634 Cornelii
782 2586 830 2625 de
852 2585 1061 2639 Cleopatra
1078 2586 1201 2638 (Disc.
1224 2588 1348 2625 Poem.
1375 2585 1579 2638 Dramat.)

295 2658 332 2685 2.
363 2645 460 2686 Ibid.
480 2660 489 2685 z
517 2662 589 2685 α...
612 2646 649 2685 le
663 2646 854 2685 caractere
872 2644 1030 2684 brillant
1049 2655 1087 2684 et
1119 2644 1228 2684 elev&
1247 2645 1366 2684 d'une
1396 2644 1581 2685 habitude

239 2714 446 2745 vertueuse
466 2718 519 2745 ou
543 2704 762 2745 criminelle
786 2719 823 2742 n.
849 2729 852 2732 -
