1930 3294
852 284 1088 315 —22—

295 383 598 446 sapientiam,
624 383 870 438 virtutem,
914 382 1236 447 relligionem,
1276 384 1506 432 omnium
1547 385 1644 432 ani-

295 475 404 506 mos
432 458 707 507 inflammet
734 466 762 506 ¹.

358 537 422 584 Ea
455 553 570 584 sane
604 548 675 584 est
718 538 879 601 poesis
920 538 1145 585 eminens
1181 537 1381 602 effigies,
1421 549 1468 586 et
1515 554 1643 603 quae

293 614 451 661 forma
479 615 580 678 ipsa
606 613 683 662 vel
711 625 965 678 tamquam
1000 614 1196 662 honesti
1223 615 1366 662 facies
1408 615 1640 664 videatur.

294 691 375 747 At,
403 691 546 747 dices,
570 708 693 739 num
740 692 797 739 ad
824 692 1076 740 veritatem
1107 691 1288 740 accedit
1326 703 1426 740 tam
1466 693 1642 741 eximia

295 769 504 832 species?
532 769 672 822 Quot
703 780 869 832 poetas
917 769 1288 817 numerabimus
1322 785 1431 818 vere
1465 770 1644 835 dignos

295 846 379 908 qui
406 846 473 893 sic
502 847 550 893 in
578 862 785 893 numero
810 846 1005 894 vivendi
1035 857 1401 910 praeceptorum
1435 846 1643 896 habean-

295 924 403 970 tur?
430 922 671 986 Equidem
713 922 843 971 haud
880 925 994 971 scio.
1044 923 1137 972 Sed
1174 923 1297 972 illud
1334 923 1642 988 exploratum

295 1011 379 1056 est,
404 1000 692 1064 permultos,
733 1001 772 1048 si
811 1000 868 1048 ad
906 1002 995 1048 ista
1027 1017 1223 1048 summa
1256 1002 1503 1065 pervenire
1541 1018 1642 1050 non

296 1089 519 1141 possunt,
573 1077 775 1126 meliora
811 1077 997 1134 saltem,
1051 1089 1218 1126 contra
1256 1095 1406 1142 quam
1454 1080 1646 1128 censuit

295 1165 452 1218 poeta,
479 1155 640 1203 videre
663 1166 709 1202 et
738 1154 953 1219 probare,
981 1171 1068 1203 nec
1089 1155 1324 1203 deteriora
1345 1157 1499 1219 sequi.
1515 1157 1642 1204 Nam

295 1233 543 1289 virtutem,
585 1233 749 1288 fateor,
780 1249 881 1280 non
919 1249 975 1280 ex
1012 1233 1230 1296 professo
1266 1243 1530 1290 ostentant,
1558 1233 1643 1281 sed

297 1309 422 1357 nihil
444 1321 612 1357 contra
635 1311 787 1358 facere
813 1310 904 1358 sibi
931 1309 1089 1374 legem
1122 1321 1359 1367 statuunt,
1388 1321 1435 1358 et
1462 1327 1508 1358 re
1535 1327 1645 1359 vera

295 1387 529 1435 decorum
570 1388 793 1435 retinent.

361 1464 479 1518 Quo
508 1465 657 1529 igitur
689 1464 841 1513 modo
883 1476 1106 1529 possunt,
1142 1464 1267 1512 dicet
1305 1463 1498 1528 aliquis,
1527 1481 1643 1513 cum

294 1542 578 1606 saepissime
605 1558 707 1590 non
736 1541 903 1590 solum
930 1541 1167 1590 omnibus
1195 1542 1326 1589 vitiis
1357 1543 1645 1606 inquinatos

295 1619 526 1667 homines
554 1635 730 1683 poema
752 1619 989 1683 fingendo
1029 1618 1087 1666 ad
1126 1630 1348 1667 naturam
1395 1621 1644 1683 exprimat,

295 1696 378 1744 sed
406 1697 551 1744 etiam
579 1707 723 1760 poeta
750 1696 867 1744 velit
889 1696 1033 1744 nobis
1060 1713 1113 1744 ea
1143 1697 1259 1744 vitia
1286 1713 1388 1745 esse
1417 1713 1573 1754 curae,
1599 1707 1646 1744 et

296 1774 470 1822 iisdem
494 1775 825 1838 nosmetipsos
839 1773 1052 1822 laborare
1071 1785 1217 1837 atque
1235 1775 1537 1822 commoveri
1553 1775 1648 1820 ?—

294 1852 382 1899 Hic
415 1867 523 1899 vere
555 1852 621 1899 rei
657 1851 819 1899 nodus
846 1862 931 1899 est.
971 1851 1037 1898 At
1074 1867 1175 1914 quo
1220 1850 1370 1899 modo
1409 1851 1643 1899 decorum

297 1929 506 1976 retinent
549 1930 641 1992 ipsi
681 1939 895 1976 oratores
935 1929 1052 1976 sacri
1093 1929 1192 1991 qui,
1234 1929 1283 1975 in
1319 1927 1545 1984 ecclesiis,
1591 1929 1644 1975 in

295 2007 411 2053 vitia
439 2017 616 2053 tonant
654 2017 700 2053 et
739 2005 1017 2070 fulgoribus
1056 2006 1209 2052 animi
1238 2005 1441 2053 latebras
1465 2004 1646 2053 collus-

295 2094 423 2130 trant
449 2083 787 2130 foedissimas?
830 2082 972 2130 Absit
998 2093 1162 2130 tamen
1192 2082 1393 2147 indigna
1417 2081 1643 2130 collatio!

295 2160 378 2207 Nil
400 2176 647 2224 comparo,
678 2158 862 2207 nedum
886 2161 1152 2223 quicquam
1178 2159 1462 2207 assimilem.
1489 2158 1642 2213 Quod

297 2238 351 2293 si,
381 2254 494 2285 cum
523 2237 581 2284 ab
618 2248 806 2284 oratore
849 2235 1114 2284 christiano
1158 2236 1322 2284 nudus
1373 2236 1646 2284 ostenditur

297 2315 494 2362 animus
514 2315 722 2377 vitiique
742 2314 948 2361 foeditas
964 2313 1218 2378 detegitur,
1244 2313 1450 2361 dicentis
1473 2312 1647 2361 volun-

297 2402 368 2439 tas
426 2402 473 2438 et
522 2393 607 2454 qui
651 2392 831 2455 petitur
865 2391 979 2438 finis
1022 2407 1172 2438 omne
1217 2391 1399 2438 crimen
1448 2390 1644 2446 derivat,

299 2485 354 2515 ex
375 2484 476 2531 quo
503 2468 794 2516 concludere
838 2484 1106 2532 possumus
1144 2468 1370 2515 animum
1411 2467 1643 2524 facientis,

301 2563 400 2593 non
466 2546 648 2593 factum
702 2546 965 2594 aestimari.
1021 2545 1146 2592 Nam
1218 2545 1303 2608 qui
1356 2545 1419 2591 ita
1466 2545 1642 2592 vitium

358 2721 391 2747 1.
426 2708 584 2748 Lettrelz
602 2707 838 2748 l’Acade'mie.
864 2708 992 2761 Projet
1010 2707 1058 2746 de
1077 2707 1284 2761 Poetique.
