1930 3294
860 256 1097 299 -25-

299 367 442 414 sacris
479 366 798 414 contionibus
835 368 1209 415 matrimonium
1244 367 1461 430 quodam
1496 366 1646 415 modo

298 454 521 507 purgant,
552 463 574 488 α
592 443 650 490 ad
676 443 723 490 id
749 444 986 507 exquisita
1013 443 1214 507 quidem
1237 445 1423 492 ratione
1451 443 1647 492 audien—

297 521 422 568 tium
441 519 666 568 alliciunt
680 520 1075 569 benevolentiam
1107 528 1117 545 ¹
1146 540 1186 568 ».
1205 521 1357 576 Quod
1376 523 1415 569 si
1431 520 1647 570 tollenda

297 609 368 645 est
392 598 455 645 ob
472 597 519 645 id
547 599 726 662 ipsum,
743 599 968 661 quamvis
984 610 1269 663 perpurgata
1284 600 1360 655 sit,
1377 598 1646 655 comoedia,

298 674 414 722 haec
442 676 611 722 omnia
632 692 756 739 quae
777 675 992 723 diximus
1009 677 1058 723 in
1084 676 1409 724 calamitatem
1423 675 1645 724 eamdem

298 753 540 800 continuo
560 751 683 800 trahi
702 752 893 801 debent.
918 753 1084 808 Quam
1110 755 1515 817 consequentiam
1532 769 1647 801 sane

297 830 602 886 Bossuetius,
658 841 828 893 utpote
875 831 960 893 qui
1009 831 1299 887 Homerum,
1356 829 1646 894 Vergilium,

297 907 586 955 Terentium
643 906 930 971 multosque
979 907 1101 955 alios
1149 919 1316 972 poetas
1374 909 1648 956 aestimaret

300 984 516 1048 plurimi,
551 986 690 1032 omni
719 985 990 1049 repudiaret
1020 1002 1125 1049 ope.

365 1061 458 1110 Sed
483 1061 603 1125 quid
637 1061 826 1110 diutius
856 1078 1226 1110 commoramur
1273 1063 1322 1109 in
1351 1061 1428 1110 his
1465 1061 1649 1114 abstru=

300 1139 511 1187 sioribus
551 1140 869 1203 argumentis,
911 1139 968 1187 de
1017 1139 1198 1202 quibus
1232 1140 1433 1187 fortasse
1472 1139 1648 1187 frustra

301 1217 726 1280 disputatur?Jam
743 1228 939 1280 tempus
967 1228 1038 1264 est
1055 1233 1146 1264 nos
1167 1216 1225 1264 ad
1244 1215 1464 1280 exempla
1479 1217 1648 1264 referre

301 1305 347 1341 et
374 1293 432 1341 ad
460 1310 514 1341 ea
545 1309 669 1357 quae
697 1305 864 1341 contra
895 1293 1136 1358 quosdam
1169 1304 1335 1358 poetas
1360 1294 1575 1341 vicissim
1598 1294 1647 1341 in

299 1371 378 1436 jus
404 1382 602 1419 vocatos
630 1382 728 1418 tam
758 1388 918 1419 severe
938 1372 1226 1419 Bossuetius
1253 1370 1550 1436 judicaverit.

356 1529 388 1555 1.
424 1533 443 1552 «
468 1518 519 1556 Le
539 1517 711 1571 grossier
736 1530 813 1571 que
835 1530 936 1557 vous
960 1531 1009 1556 en
1028 1519 1115 1557 otez
1150 1517 1259 1557 {erait
1281 1517 1461 1565 horreur,
1485 1517 1515 1555 si
1537 1530 1590 1556 on
1610 1515 1649 1556 le

299 1576 487 1615 montrait
512 1590 520 1615 ε
555 1586 594 1616 et
619 1576 806 1616 l’adresse
820 1577 867 1616 de
894 1576 929 1616 le
959 1577 1097 1616 cacher
1126 1590 1175 1616 ne
1209 1576 1276 1616 fait
1308 1576 1403 1630 qu’y
1424 1577 1556 1616 attirer
1592 1575 1649 1615 les

298 1635 481 1675 volontes
498 1636 617 1676 d’une
636 1637 808 1676 maniere
829 1636 917 1690 plus
935 1636 1098 1676 delicate
1105 1667 1186 1676 .....
1212 1652 1231 1673 »
1252 1635 1451 1684 Maximes,
1472 1636 1522 1675 V.
