1930 3294
495 471 1130 543 PROOEMIUM·

198 785 299 833 Etsi
315 804 339 830 (ι
364 783 423 832 de
447 783 743 833 Comoedia¹
774 803 797 828 ³)
825 783 1126 847 opusculum
1149 800 1250 831 non
1273 799 1388 831 sane
1411 794 1483 831 est
1513 830 1516 834 ,

132 863 365 911 omnium
380 877 505 925 quae
520 862 710 925 scripsit
722 861 1011 908 Bossuetius
1027 859 1482 924 praeclarissimum,

132 939 215 990 vix
240 950 405 987 tamen
430 954 734 1002 quemquam
761 949 866 1005 tam·
886 937 1144 985 indoctum
1167 938 1372 1001 reperias
1394 938 1480 1001 qui

135 1032 237 1064 non
264 1015 418 1067 modo
439 1031 623 1063 nomen
650 1031 751 1063 non
770 1014 1211 1080 teneatjmemoria,
1227 1014 1310 1062 sed
1335 1016 1482 1062 etiam

133 1092 254 1158 quid
289 1094 353 1141 sit
374 1092 433 1140 de
455 1109 556 1156 quo
584 1092 861 1156 disputetur
884 1093 933 1139 in
968 1108 1026 1139 eo
1057 1092 1347 1139 summatim
1380 1108 1480 1139 non

134 1171 433 1235 cognoverit.
482 1171 548 1218 Iis
583 1185 698 1217 vero
738 1168 833 1217 hoc
871 1168 1170 1233 opusculum
1210 1168 1485 1216 doctissimi

134 1245 364 1295 laudibus
383 1247 599 1294 ‘efferunt
623 1257 678 1294 ut
702 1246 904 1310 quidam
920 1247 1110 1310 opinari
1133 1262 1235 1294 non
1259 1245 1487 1294 dubitent

138 1342 163 1370 α
194 1323 385 1372 tamdiu
413 1339 792 1387 permansurum
820 1323 1060 1386 quamdiu
1091 1334 1328 1370 nostrates
1355 1323 1486 1386 ipsae

134 1399 319 1449 litterae
346 1419 388 1456 2),
412 1417 464 1448 ac
499 1420 522 1445 ε(
553 1402 655 1448 vim
686 1399 951 1464 quamdam
995 1399 1332 1448 incredibilem
1378 1399 1488 1447 sub-

133 1477 336 1533 tilitatis,
367 1477 677 1540 eloquentiae
701 1478 1048 1541 gravitatisque
1075 1478 1238 1524 testari
1268 1496 1309 1523 ³).
1340 1476 1484 1524 Haud

104 1553 259 1603 “falso
297 1554 516 1618 quidem,
562 1566 620 1602 ut
654 1571 761 1602 mea
787 1555 876 1602 fert
900 1555 1153 1602 sententia.
1179 1553 1318 1601 Nihil
1351 1554 1485 1601 enim

134 1631 328 1680 felicius
342 1642 389 1679 et
409 1633 660 1695 copiosius
686 1632 988 1694 —quamvis
1010 1632 1060 1678 in
1078 1630 1209 1678 brevi
1239 1647 1397 1694 opere,
1429 1657 1484 1663 —

136 1707 263 1757 nihil
284 1707 516 1756 subtilius
540 1708 911 1772 elegantiusque
936 1707 1013 1755 vel
1041 1708 1100 1756 ab
1128 1707 1224 1755 alio
1262 1707 1487 1771 quolibet

135 1786 380 1850 scriptore,
393 1784 469 1833 vel
485 1801 511 1832 a
534 1786 795 1833 Bossuetio
821 1786 928 1848 ipso
949 1785 1044 1832 fuit
1070 1801 1294 1848 unquam
1318 1784 1487 1848 dispu-

135 1873 308 1910 tatum.
326 1863 526 1916 Quanta
550 1863 648 1926 jam
676 1863 726 1909 in
754 1861 962 1909 dicendo
983 1863 1211 1926 gravitas!
1241 1872 1485 1925 quantum

55 1943 61 1948 '
137 1939 335 2004 pondus
363 1941 414 1986 in
431 1939 612 1987 verbis!
648 1955 798 2002 quam
830 1938 956 1986 nihil
984 1956 1084 1986 non
1110 1938 1486 2003 diligentissime

136 2018 460 2081 perpensum!
486 2015 623 2063 Adde
648 2017 796 2063 etiarn
824 2032 931 2064 eam
957 2017 1059 2063 vim
1087 2027 1134 2063 et
1158 2016 1402 2080 impetum
1433 2026 1487 2064 ut

137 2093 263 2142 nihil
289 2092 634 2141 vehementius
662 2094 870 2141 inveniri
893 2094 1059 2157 possit.

102 2226 105 2227 ⁷
200 2169 474 2218 Permultas
535 2186 650 2217 vero
703 2169 819 2218 alias
884 2170 1065 2225 laudes,
1133 2186 1310 2234 easque
1385 2185 1485 2216 non

136 2247 419 2302 mediocres,
436 2263 560 2310 quae
586 2244 635 2294 iti
661 2246 835 2294 eodem
852 2247 976 2295 libro
999 2246 1264 2311 perlucent,
1287 2258 1488 2310 praeter-

137 2325 343 2372 mittam.
368 2324 540 2387 Neque
566 2325 701 2371 enim
726 2323 850 2372 mihi
878 2323 1148 2371 consilium
1182 2334 1254 2371 est
1280 2340 1334 2371 ea
1364 2339 1487 2386 quae
1557 2368 1565 2371 ,

138 2401 198 2449 ad
215 2417 399 2449 meram
419 2401 625 2465 legentis
639 2400 945 2465 voluptatem
973 2390 1221 2465 pertinent
1244 2401 1490 2448 curiosius

138 2479 352 2542 exsequi,
378 2477 460 2526 sed
501 2494 624 2542 quae
650 2494 760 2526 vera
798 2494 938 2526 mens
979 2478 1226 2541 scriptoris
1264 2477 1412 2525 fuerit
1442 2488 1488 2524 et

199 2627 214 2653 1
225 2644 234 2653 .
264 2612 450 2654 Maximes
464 2618 495 2653 et
511 2612 710 2667 Re'flexions
727 2627 792 2652 sur
807 2613 845 2652 la
861 2612 1041 2661 Come'die,
1059 2626 1127 2666 par
1141 2613 1302 2652 Messire
1321 2614 1488 2666 Jacques

139 2673 317 2727 Benigne
337 2674 516 2721 Bossuet,
539 2674 719 2725 Evesque
740 2672 787 2711 de
805 2673 960 2717 Meaux,
984 2682 1079 2720 etc.‚
1102 2672 1367 2711 MDCXCIV.
