1930 3294
806 278 1043 320 „19-

261 390 375 422 nem
402 391 452 423 se
491 376 662 423 inferre
690 387 736 423 et
763 375 847 423 ubi
882 375 992 440 plus
1030 375 1231 440 periculi
1274 377 1335 423 sit
1360 375 1425 423 ibi
1455 375 1601 439 depu-

257 467 403 516 gnare
427 468 623 500 summa
648 453 710 499 vi.

323 611 417 660 Sed
441 628 554 660 cum
579 623 679 659 tam
711 613 878 660 acriter
902 612 1175 668 dimicatur,
1201 614 1279 659 vix
1306 613 1407 660 fieri
1442 623 1602 676 potest

259 699 314 736 ut
335 688 533 736 nullum
551 705 735 736 vanum
753 689 1006 737 intercidat
1019 689 1189 737 telum.
1220 689 1360 743 Quae
1385 706 1603 753 pugnan-

258 766 386 813 tium
413 765 488 813 lex
517 777 605 818 est,
626 783 733 813 eam
764 767 1001 814 nimirum
1030 767 1319 814 Bossuetius
1351 783 1451 814 non
1484 767 1600 814 effu-

257 843 342 906 git.
372 843 499 890 Nam
539 859 718 906 ponere
752 843 876 899 licet,
913 854 959 890 et
995 843 1042 891 id
1080 844 1184 890 sine
1220 843 1318 890 ulla
1351 843 1602 907 dignitatis

259 920 629 975 imminutione,
659 937 758 967 non
801 937 959 968 unum
997 921 1099 968 esse
1127 920 1322 984 pondus
1364 920 1600 968 omnibus

257 998 573 1060 argumentis.
595 997 722 1045 Sunt
747 1013 860 1044 vero
885 1008 992 1044 tum
1017 998 1298 1061 gravissima
1322 997 1601 1060 quibusque

259 1072 397 1121 nulla
420 1074 467 1120 vi
502 1074 656 1121 resisti
703 1075 871 1138 possit,
908 1085 1016 1121 tum
1045 1073 1290 1122 nonnulla
1320 1073 1602 1122 verisimilia

256 1149 421 1198 solum
444 1162 490 1198 et
513 1167 636 1214 quae
658 1151 927 1214 prudentia,
958 1167 1059 1199 non
1086 1152 1357 1206 necessitas,
1384 1152 1599 1215 accipere

257 1227 435 1292 jubeat.
465 1227 556 1276 Sed
590 1229 797 1292 reperias
832 1229 994 1284 etiarn,
1034 1229 1259 1292 quamvis
1295 1229 1601 1292 paucissima,

258 1320 382 1368 quae
408 1305 582 1352 frustra
606 1305 823 1368 quodam
850 1305 1001 1352 modo
1029 1305 1238 1352 accidere
1264 1305 1533 1352 videantur.

322 1381 448 1429 Nam
473 1381 607 1445 quod
623 1381 739 1429 dicit
764 1393 929 1445 poetas
950 1382 1025 1429 vel
1053 1383 1269 1429 comicos
1295 1381 1371 1429 vel
1393 1383 1602 1446 tragicos

258 1457 400 1522 plane
435 1458 529 1506 hoc
574 1470 784 1522 spectare
824 1470 878 1506 ut
915 1475 1006 1506 nos
1038 1458 1294 1515 delectent,
1330 1458 1601 1506 admodum

258 1535 406 1599 probe
433 1534 563 1582 dicit.
595 1536 701 1583 Hoc
736 1537 871 1583 enim
898 1536 1018 1583 adeo
1055 1537 1180 1583 inter
1211 1552 1386 1583 omnes
1413 1547 1603 1584 constat

258 1623 426 1676 poetas
451 1624 505 1660 ut
532 1613 564 1659 ii
590 1613 696 1676 ipsi,
716 1614 816 1676 qui,
845 1614 1028 1677 majora
1044 1612 1319 1669 molientes,
1337 1612 1601 1660 utilitatem

258 1705 459 1753 quoque
511 1706 708 1737 morum
757 1691 1021 1737 consectari
1074 1690 1408 1753 profiteantur,
1462 1689 1510 1737 id
1553 1706 1601 1737 se

259 1767 452 1830 assequi
497 1783 638 1830 posse
693 1768 903 1814 omnino
948 1766 1184 1822 diffidant,
1242 1768 1334 1814 nisi
1385 1768 1600 1830 primum

259 1842 580 1891 delectatione
623 1860 705 1890 cor
744 1854 970 1891 nostrum
1000 1843 1302 1891 delenierint.
1335 1843 1601 1891 Delectatio

261 1921 409 1984 igitur
435 1922 645 1967 maxime
689 1922 954 1968 necessaria
984 1933 1070 1976 est,
1116 1937 1239 1983 quae
1263 1931 1310 1967 et
1333 1920 1603 1985 jucundita-

259 2007 359 2044 tem
383 2008 578 2045 tueatur
606 2008 653 2045 et
678 1997 736 2044 ad
765 1999 920 2061 ipsam
946 1997 1136 2061 frugem
1175 1997 1341 2045 valeat.
1377 1997 1468 2045 Sed
1500 2014 1601 2045 non

258 2075 514 2130 continuo,
538 2075 577 2122 si
596 2073 850 2122 comoedia
871 2074 1102 2122 delectare
1124 2085 1421 2138 spectantem
1446 2074 1601 2130 debet,

259 2152 541 2199 necessitate
578 2151 815 2215 depravat.
855 2150 1006 2199 Aliud
1034 2163 1106 2199 est
1151 2152 1283 2198 enim
1331 2150 1600 2205 delectatio,

259 2226 392 2275 aliud
419 2229 595 2276 vitiosa
611 2227 852 2291 voluptas.

323 2304 390 2373 ᾼῖ
418 2306 551 2352 enim
573 2321 629 2352 ex
652 2304 916 2352 libidinum
951 2305 1322 2368 intemperantia
1349 2303 1603 2351 comoedia

262 2380 451 2444 pendet.
480 2410 545 2416 —
565 2382 624 2429 Se
650 2382 745 2429 isto
769 2381 920 2429 modo
935 2397 1007 2428 res
1020 2380 1185 2437 habet;
1213 2381 1295 2428 sed
1312 2397 1414 2428 non
1441 2397 1495 2428 ea
1531 2392 1603 2428 est

259 2458 541 2506 comoediae
569 2457 758 2523 propria
796 2457 1030 2514 conditio,
1070 2474 1184 2506 cum
1224 2458 1389 2506 omnis
1441 2458 1602 2521 poesis

260 2546 308 2582 et
355 2536 535 2583 artium
592 2536 815 2583 universe
871 2535 1154 2582 communis
1205 2535 1280 2582 sit.
1330 2535 1600 2598 Imaginem

260 2627 374 2659 vero
401 2613 663 2676 exprimere
689 2628 790 2659 non
818 2611 949 2659 idem
974 2611 1101 2659 valet
1128 2627 1277 2674 quam
1306 2610 1601 2658 imitandum

262 2703 530 2752 proponere
581 2688 875 2753 exemplum.
940 2687 1084 2736 Haud
1144 2687 1330 2735 infitior
1373 2686 1601 2750 equidem
