1930 3294
923 309 977 315 -..
1014 285 1159 340 704-

358 394 667 442 comoediam
691 395 1004 458 spectavisse;
1028 395 1260 452 secundo,
1285 397 1442 444 immo
1465 413 1565 445 non
1581 413 1710 462 spec-

357 474 532 520 tavisse
564 489 650 536 pro
684 483 814 520 certo
851 473 1141 536 ponendum
1178 484 1272 530 est;
1317 475 1473 531 tertio,
1508 474 1711 523 difficul-

356 550 538 598 tatibus
570 551 786 607 remotis,
811 551 1001 599 etiamsi
1030 550 1399 614 aliquantulum
1428 552 1710 601 comoediae

354 626 590 675 secundum
640 644 681 675 se
722 644 775 675 ac
823 627 1110 691 generaliter
1157 629 1407 693 suffragari
1457 629 1709 688 voluisset,

356 715 519 752 nostra
565 715 689 752 certe
739 704 1010 761 comoedia,
1065 705 1263 769 qualem
1319 722 1366 754 re
1422 707 1524 770 ipsa
1578 723 1711 755 nunc

356 781 610 838 habemus,
649 798 763 830 cum
806 782 871 830 ibi
911 799 966 830 ex
1005 782 1227 848 ejusdem
1270 784 1542 847 principiis¹
1585 800 1712 848 prae-

355 859 630 915 damnatus,
675 870 784 907 tum
827 859 941 908 alibi
991 876 1192 924 quoque
1238 860 1296 908 ab
1340 860 1428 908 illo
1473 861 1615 925 plane
1657 878 1709 910 ac

354 936 580 984 distincte
609 948 680 984 est
701 936 977 984 detestata&
1013 956 1034 982 »

419 1015 473 1061 In
514 1013 591 1062 his
629 1030 743 1062 sane
781 1014 1017 1063 omnibus
1051 1014 1195 1062 rebus
1227 1014 1429 1078 aliquid,
1464 1026 1708 1079 quantum

357 1091 604 1156 intellego,
650 1108 752 1139 esse
809 1102 968 1155 potest
1020 1093 1388 1140 controversiae.
1433 1093 1560 1141 Nam
1607 1109 1707 1141 non

356 1179 550 1216 tanturn
579 1179 770 1216 constat
802 1158 1049 1232 quantum
1070 1170 1359 1217 Bossuetius
1380 1169 1501 1227 vult,
1524 1170 1709 1218 Divum

354 1245 619 1302 Thomam,
650 1247 699 1293 in
734 1245 811 1294 his
841 1245 1039 1294 duobus
1075 1245 1208 1303 locis,
1238 1246 1545 1295 comoediam
1578 1246 1709 1296 haud

356 1334 607 1387 spectasse.
643 1324 867 1371 Primum
895 1324 1028 1372 enim
1064 1323 1188 1371 nihil
1216 1322 1540 1372 dubitationis
1564 1323 1710 1373 habet

315 1401 477 1464 ..quin
527 1411 573 1448 et
619 1399 707 1448 illo
755 1411 976 1464 tempore
1023 1401 1122 1466 jam
1175 1400 1457 1449 comoediae
1503 1401 1708 1459 fuerint;

357 1489 404 1526 et
431 1489 671 1542 praeterea
701 1479 989 1542 ignoramus
1021 1477 1139 1541 quid
1169 1479 1231 1526 sit
1257 1495 1343 1526 cur
1369 1495 1422 1526 ea
1452 1478 1709 1544 indulgen·

359 1556 439 1612 tia,
471 1572 622 1619 quam
648 1556 806 1603 Divus
835 1554 1057 1603 Thomas
1093 1575 1116 1601 ε(
1154 1555 1480 1604 histrionibus
1510 1575 1532 1600 »
1564 1557 1710 1621 signi-

355 1632 481 1689 ficat,
514 1634 563 1680 in
590 1633 724 1697 ipsos
751 1644 936 1681 actores
970 1633 1213 1681 transferri
1248 1650 1349 1681 non
1379 1634 1546 1697 possit.
1574 1634 1709 1682 Prae-

358 1711 525 1758 sertim
552 1726 667 1758 vero
695 1720 889 1758 tantum
921 1709 1055 1758 abest
1083 1722 1138 1758 ut
1166 1710 1495 1765 concedamus
1529 1722 1710 1759 nostra-

358 1799 430 1835 tes
481 1786 750 1852 praeclaros
804 1798 986 1851 poetas,
1040 1789 1125 1851 qui
1175 1788 1436 1836 Bossuetio
1482 1787 1708 1852 aequales

356 1875 504 1921 erant,
535 1881 590 1912 ex
616 1865 729 1912 Divi
759 1864 983 1912 Thomae
1015 1864 1092 1913 his
1116 1866 1367 1929 principiis
1391 1865 1707 1913 condemnari

356 1958 514 2006 posse,
543 1953 597 1989 ut
628 1953 795 1989 contra
822 1943 889 1990 sic
917 1958 1206 2006 persuasum
1232 1942 1502 1990 habeamus
1531 1959 1585 1990 ea
1605 1943 1710 2007 qui-

355 2019 468 2067 dem
508 2020 743 2083 principia
785 2020 1026 2083 optimam
1070 2020 1272 2067 fortasse
1309 2021 1378 2067 eis
1411 2021 1707 2068 constituere

355 2096 710 2144 defensionem.
751 2097 893 2153 Nam,
932 2098 1026 2144 nisi
1060 2097 1183 2144 forte
1222 2096 1390 2145 oleum
1431 2108 1485 2146 et,
1509 2113 1706 2161 operam

356 2173 673 2238 perdidimus,
721 2190 866 2238 supra
911 2173 1304 2222 demonstratum
1352 2185 1423 2222 est
1465 2203 1531 2210 —
1571 2174 1706 2238 quod

413 2329 446 2356 1.
482 2332 501 2353 «
525 2316 637 2356 Circa
658 2329 756 2370 quae
777 2326 909 2356 tamen
929 2316 1115 2356 videntur
1139 2317 1211 2356 tria
1228 2329 1313 2356 esse
1332 2316 1544 2369 praecipue
1567 2329 1707 2357 caven-

356 2375 415 2415 da.
445 2376 632 2421 Quorum
650 2376 826 2429 primurn
847 2385 885 2415 et
908 2375 1124 2429 principale
1145 2385 1204 2415 est
1228 2376 1335 2429 quod
1363 2375 1560 2429 praedicta
1580 2375 1708 2415 delec-

355 2436 450 2475 tatio
479 2448 559 2475 non
593 2444 801 2488 quaeratur
830 2436 869 2474 in
899 2435 1098 2489 aliquibus
1144 2434 1443 2488 operationibus
1482 2434 1544 2474 vel
1579 2435 1709 2475 verbis

355 2493 552 2548 turpibus,
585 2494 646 2533 vel
671 2494 843 2534 nocivis.
862 2526 897 2534 ..
929 2494 1048 2534 Aliud
1080 2504 1215 2534 autem
1247 2493 1533 2534 attendendum
1562 2502 1621 2534 est
1659 2508 1709 2535 ne

355 2553 527 2593 totaliter
548 2554 714 2606 gravitas
731 2554 885 2592 animae
897 2553 1134 2594 resolvatur.
1153 2587 1160 2594 .
1180 2586 1187 2593 .
1206 2554 1341 2593 Tertio
1358 2562 1489 2592 autern
1506 2553 1708 2594 attenden-
1748 2549 1754 2554 ’

356 2613 452 2652 dum
477 2622 549 2661 est,
581 2613 683 2652 sicut
704 2622 742 2651 et
771 2613 809 2651 in
841 2612 1030 2652 omnibus
1066 2612 1151 2652 aliis
1181 2613 1367 2652 humanis
1398 2611 1635 2662 actionibus»,
1666 2622 1709 2653 ut

358 2681 549 2725 congruat
562 2685 767 2725 personae,
786 2673 958 2725 tempori
971 2681 1010 2712 et
1030 2672 1140 2714 Ιοεο.
1159 2704 1167 2711 .
1186 2704 1193 2712 .
1220 2687 1239 2708 >>
1263 2673 1346 2711 Loc.
1370 2671 1492 2721 citat„
1509 2680 1580 2711 art.
1600 2673 1648 2712 II.

412 2743 448 2769 2.
481 2733 516 2770 V
522 2761 529 2770 .
554 2730 752 2779 Maximes,
776 2732 904 2771 XXV.
1204 2749 1209 2750 ⁷
