<?xml version="1.0" encoding="UTF-8"?>
<!DOCTYPE html PUBLIC "-//W3C//DTD XHTML 1.0 Transitional//EN"
    "http://www.w3.org/TR/xhtml1/DTD/xhtml1-transitional.dtd">
<html xmlns="http://www.w3.org/1999/xhtml" xml:lang="en" lang="en">
 <head>
  <title>
</title>
<meta http-equiv="Content-Type" content="text/html;charset=utf-8" />
  <meta name='ocr-system' content='tesseract 3.04.00' />
  <meta name='ocr-capabilities' content='ocr_page ocr_carea ocr_par ocr_line ocrx_word'/>
</head>
<body>
  <div class='ocr_page' id='page_1' title='image "./decomoediaetdeno00lebiuoft_0079.png"; bbox 0 0 1930 3294; ppageno 0'>
   <div class='ocr_carea' id='block_1_1' title="bbox 0 0 224 211">
    <p class='ocr_par' dir='ltr' id='par_1_1' title="bbox 0 0 224 211">
     <span class='ocr_line' id='line_1_1' title="bbox 0 0 224 211; baseline 0 3083"><span class='ocrx_word' id='word_1_1' title='bbox 0 0 224 211; x_wconf 95' lang='lat' dir='ltr'><strong> </strong></span> 
     </span>
    </p>
   </div>
   <div class='ocr_carea' id='block_1_2' title="bbox 750 266 987 322">
    <p class='ocr_par' dir='ltr' id='par_1_2' title="bbox 750 266 987 322">
     <span class='ocr_line' id='line_1_2' title="bbox 750 266 987 322; baseline 0 -25"><span class='ocrx_word' id='word_1_2' title='bbox 750 266 987 322; x_wconf 77' lang='lat'>-69-</span> 
     </span>
    </p>
   </div>
   <div class='ocr_carea' id='block_1_3' title="bbox 185 374 1530 434">
    <p class='ocr_par' dir='ltr' id='par_1_3' title="bbox 185 374 1530 434">
     <span class='ocr_line' id='line_1_3' title="bbox 185 374 1530 434; baseline -0.003 -9"><span class='ocrx_word' id='word_1_3' title='bbox 185 375 450 426; x_wconf 88' lang='lat' dir='ltr'><strong>Thomam.</strong></span> <span class='ocrx_word' id='word_1_4' title='bbox 478 377 670 424; x_wconf 88' lang='lat' dir='ltr'><strong>Etenim</strong></span> <span class='ocrx_word' id='word_1_5' title='bbox 700 376 778 424; x_wconf 91' lang='lat' dir='ltr'><strong>hic</strong></span> <span class='ocrx_word' id='word_1_6' title='bbox 818 375 1019 434; x_wconf 83' lang='lat' dir='ltr'><strong>illustris</strong></span> <span class='ocrx_word' id='word_1_7' title='bbox 1046 375 1216 424; x_wconf 92' lang='lat' dir='ltr'><strong>doctor</strong></span> <span class='ocrx_word' id='word_1_8' title='bbox 1243 391 1341 422; x_wconf 90' lang='lat' dir='ltr'><strong>non</strong></span> <span class='ocrx_word' id='word_1_9' title='bbox 1380 374 1530 422; x_wconf 91' lang='lat' dir='ltr'><strong>modo</strong></span> 
     </span>
    </p>
   </div>
   <div class='ocr_carea' id='block_1_4' title="bbox 136 450 1530 506">
    <p class='ocr_par' dir='ltr' id='par_1_4' title="bbox 136 450 1530 506">
     <span class='ocr_line' id='line_1_4' title="bbox 136 450 1530 506; baseline -0.006 -1"><span class='ocrx_word' id='word_1_10' title='bbox 136 485 138 487; x_wconf 34' lang='lat' dir='ltr'>v</span> <span class='ocrx_word' id='word_1_11' title='bbox 183 452 374 505; x_wconf 86' lang='lat' dir='ltr'><strong>theatro</strong></span> <span class='ocrx_word' id='word_1_12' title='bbox 409 469 510 501; x_wconf 92' lang='lat' dir='ltr'><strong>non</strong></span> <span class='ocrx_word' id='word_1_13' title='bbox 545 452 858 501; x_wconf 87' lang='lat' dir='ltr'><strong>vehementer</strong></span> <span class='ocrx_word' id='word_1_14' title='bbox 883 453 1161 500; x_wconf 87' lang='lat' dir='ltr'><strong>adversatus</strong></span> <span class='ocrx_word' id='word_1_15' title='bbox 1188 463 1298 506; x_wconf 92' lang='lat' dir='ltr'><strong>erat,</strong></span> <span class='ocrx_word' id='word_1_16' title='bbox 1334 451 1415 499; x_wconf 92' lang='lat' dir='ltr'><strong>sed</strong></span> <span class='ocrx_word' id='word_1_17' title='bbox 1455 450 1530 498; x_wconf 86' lang='lat' dir='ltr'><strong>vel</strong></span> 
     </span>
    </p>
   </div>
   <div class='ocr_carea' id='block_1_5' title="bbox 184 528 1533 824">
    <p class='ocr_par' dir='ltr' id='par_1_5' title="bbox 184 528 1533 824">
     <span class='ocr_line' id='line_1_5' title="bbox 185 528 1533 594; baseline -0.002 -16"><span class='ocrx_word' id='word_1_18' title='bbox 185 529 455 579; x_wconf 87' lang='lat' dir='ltr'><strong>defensoris</strong></span> <span class='ocrx_word' id='word_1_19' title='bbox 503 531 792 594; x_wconf 86' lang='lat' dir='ltr'>opinionem</span> <span class='ocrx_word' id='word_1_20' title='bbox 848 540 1033 593; x_wconf 91' lang='lat' dir='ltr'><strong>poterat</strong></span> <span class='ocrx_word' id='word_1_21' title='bbox 1083 528 1270 577; x_wconf 91' lang='lat' dir='ltr'><strong>habere.</strong></span> <span class='ocrx_word' id='word_1_22' title='bbox 1331 528 1533 582; x_wconf 87' lang='lat' dir='ltr'><strong>Quanta</strong></span> 
     </span>
     <span class='ocr_line' id='line_1_6' title="bbox 185 597 1530 672; baseline -0.003 -17"><span class='ocrx_word' id='word_1_23' title='bbox 185 597 335 672; x_wconf 83' lang='lat' dir='ltr'><strong>igitur</strong></span> <span class='ocrx_word' id='word_1_24' title='bbox 373 606 609 655; x_wconf 90' lang='lat' dir='ltr'><strong>industria</strong></span> <span class='ocrx_word' id='word_1_25' title='bbox 649 618 694 654; x_wconf 91' lang='lat' dir='ltr'><strong>et</strong></span> <span class='ocrx_word' id='word_1_26' title='bbox 744 605 983 654; x_wconf 86' lang='lat' dir='ltr'>alacritate</span> <span class='ocrx_word' id='word_1_27' title='bbox 1031 606 1318 653; x_wconf 87' lang='lat' dir='ltr'><strong>recentiores</strong></span> <span class='ocrx_word' id='word_1_28' title='bbox 1357 605 1530 652; x_wconf 87' lang='lat' dir='ltr'><strong>theatri</strong></span> 
     </span>
     <span class='ocr_line' id='line_1_7' title="bbox 184 682 1527 746; baseline -0.003 -14"><span class='ocrx_word' id='word_1_29' title='bbox 184 682 399 740; x_wconf 81' lang='lat' dir='ltr'><strong>fautores</strong></span> <span class='ocrx_word' id='word_1_30' title='bbox 425 683 483 731; x_wconf 91' lang='lat' dir='ltr'><strong>ad</strong></span> <span class='ocrx_word' id='word_1_31' title='bbox 523 695 715 731; x_wconf 87' lang='lat' dir='ltr'><strong>tantum</strong></span> <span class='ocrx_word' id='word_1_32' title='bbox 756 683 1004 730; x_wconf 85' lang='lat' dir='ltr'><strong>auctorem</strong></span> <span class='ocrx_word' id='word_1_33' title='bbox 1045 699 1147 730; x_wconf 89' lang='lat' dir='ltr'><strong>sese</strong></span> <span class='ocrx_word' id='word_1_34' title='bbox 1194 683 1527 746; x_wconf 88' lang='lat' dir='ltr'><strong>receperant¹!</strong></span> 
     </span>
     <span class='ocr_line' id='line_1_8' title="bbox 184 759 1532 824; baseline -0.003 -15"><span class='ocrx_word' id='word_1_35' title='bbox 184 760 250 809; x_wconf 90' lang='lat' dir='ltr'><strong>At</strong></span> <span class='ocrx_word' id='word_1_36' title='bbox 276 777 425 824; x_wconf 90' lang='lat' dir='ltr'><strong>quam</strong></span> <span class='ocrx_word' id='word_1_37' title='bbox 453 759 627 808; x_wconf 86' lang='lat' dir='ltr'><strong>sedulo</strong></span> <span class='ocrx_word' id='word_1_38' title='bbox 649 777 814 807; x_wconf 88' lang='lat' dir='ltr'><strong>curam</strong></span> <span class='ocrx_word' id='word_1_39' title='bbox 852 760 1140 807; x_wconf 89' lang='lat' dir='ltr'><strong>Bossuetius</strong></span> <span class='ocrx_word' id='word_1_40' title='bbox 1177 760 1443 822; x_wconf 89' lang='lat' dir='ltr'><strong>insumpsit</strong></span> <span class='ocrx_word' id='word_1_41' title='bbox 1477 769 1532 805; x_wconf 93' lang='lat' dir='ltr'><strong>ut</strong></span> 
     </span>
    </p>
   </div>
   <div class='ocr_carea' id='block_1_6' title="bbox 143 837 958 909">
    <p class='ocr_par' dir='ltr' id='par_1_6' title="bbox 143 837 958 909">
     <span class='ocr_line' id='line_1_9' title="bbox 143 837 958 909; baseline -0.004 -23"><span class='ocrx_word' id='word_1_42' title='bbox 143 906 147 909; x_wconf 23' lang='grc' dir='ltr'>Ι</span> <span class='ocrx_word' id='word_1_43' title='bbox 186 853 271 886; x_wconf 91' lang='lat' dir='ltr'><strong>eos</strong></span> <span class='ocrx_word' id='word_1_44' title='bbox 298 837 385 885; x_wconf 94' lang='lat' dir='ltr'><strong>illo</strong></span> <span class='ocrx_word' id='word_1_45' title='bbox 406 837 672 885; x_wconf 90' lang='lat' dir='ltr'><strong>denudaret</strong></span> <span class='ocrx_word' id='word_1_46' title='bbox 693 837 958 901; x_wconf 89' lang='lat' dir='ltr'><strong>praesidio!</strong></span> 
     </span>
    </p>
   </div>
   <div class='ocr_carea' id='block_1_7' title="bbox 185 911 1540 1347">
    <p class='ocr_par' dir='ltr' id='par_1_7' title="bbox 185 911 1540 1347">
     <span class='ocr_line' id='line_1_10' title="bbox 249 911 1531 978; baseline -0.003 -16"><span class='ocrx_word' id='word_1_47' title='bbox 249 913 490 978; x_wconf 88' lang='lat' dir='ltr'><strong>Equidem</strong></span> <span class='ocrx_word' id='word_1_48' title='bbox 523 931 624 961; x_wconf 92' lang='lat' dir='ltr'><strong>non</strong></span> <span class='ocrx_word' id='word_1_49' title='bbox 657 915 706 961; x_wconf 92' lang='lat' dir='ltr'><strong>in</strong></span> <span class='ocrx_word' id='word_1_50' title='bbox 742 915 910 961; x_wconf 91' lang='lat' dir='ltr'><strong>animo</strong></span> <span class='ocrx_word' id='word_1_51' title='bbox 948 914 1089 962; x_wconf 92' lang='lat' dir='ltr'><strong>nobis</strong></span> <span class='ocrx_word' id='word_1_52' title='bbox 1124 924 1195 961; x_wconf 89' lang='lat' dir='ltr'><strong>est</strong></span> <span class='ocrx_word' id='word_1_53' title='bbox 1229 912 1287 960; x_wconf 91' lang='lat' dir='ltr'><strong>de</strong></span> <span class='ocrx_word' id='word_1_54' title='bbox 1322 911 1531 976; x_wconf 88' lang='lat' dir='ltr'><strong>singulis</strong></span> 
     </span>
     <span class='ocr_line' id='line_1_11' title="bbox 185 990 1531 1055; baseline -0.002 -16"><span class='ocrx_word' id='word_1_55' title='bbox 185 1002 286 1040; x_wconf 89' lang='lat' dir='ltr'><strong>tam</strong></span> <span class='ocrx_word' id='word_1_56' title='bbox 333 990 577 1055; x_wconf 85' lang='lat' dir='ltr'><strong>litigiosae</strong></span> <span class='ocrx_word' id='word_1_57' title='bbox 624 992 949 1055; x_wconf 90' lang='lat' dir='ltr'><strong>spinosaeque</strong></span> <span class='ocrx_word' id='word_1_58' title='bbox 1000 990 1346 1054; x_wconf 90' lang='lat' dir='ltr'><strong>disputationis</strong></span> <span class='ocrx_word' id='word_1_59' title='bbox 1390 1005 1531 1052; x_wconf 87' lang='lat' dir='ltr'><strong>argu—</strong></span> 
     </span>
     <span class='ocr_line' id='line_1_12' title="bbox 185 1057 1540 1132; baseline -0.002 -16"><span class='ocrx_word' id='word_1_60' title='bbox 185 1068 366 1116; x_wconf 87' lang='lat' dir='ltr'><strong>mentis</strong></span> <span class='ocrx_word' id='word_1_61' title='bbox 409 1084 561 1132; x_wconf 86' lang='lat' dir='ltr'><strong>agere.</strong></span> <span class='ocrx_word' id='word_1_62' title='bbox 612 1069 738 1115; x_wconf 81' lang='lat' dir='ltr'><strong>Nam</strong></span> <span class='ocrx_word' id='word_1_63' title='bbox 800 1069 913 1115; x_wconf 87' lang='lat' dir='ltr'><strong>satis</strong></span> <span class='ocrx_word' id='word_1_64' title='bbox 970 1067 1262 1115; x_wconf 91' lang='lat' dir='ltr'><strong>habebimus</strong></span> <span class='ocrx_word' id='word_1_65' title='bbox 1319 1057 1540 1113; x_wconf 72' lang='lat' dir='ltr'><strong>comme-¹</strong></span> 
     </span>
     <span class='ocr_line' id='line_1_13' title="bbox 186 1143 1529 1208; baseline -0.002 -16"><span class='ocrx_word' id='word_1_66' title='bbox 186 1160 373 1192; x_wconf 86' lang='lat' dir='ltr'><strong>morare</strong></span> <span class='ocrx_word' id='word_1_67' title='bbox 394 1160 496 1208; x_wconf 95' lang='lat' dir='ltr'><strong>quo</strong></span> <span class='ocrx_word' id='word_1_68' title='bbox 522 1144 673 1191; x_wconf 95' lang='lat' dir='ltr'><strong>modo</strong></span> <span class='ocrx_word' id='word_1_69' title='bbox 696 1143 819 1191; x_wconf 92' lang='lat' dir='ltr'><strong>hanc</strong></span> <span class='ocrx_word' id='word_1_70' title='bbox 842 1145 1221 1191; x_wconf 87' lang='lat' dir='ltr'><strong>controversiam</strong></span> <span class='ocrx_word' id='word_1_71' title='bbox 1241 1143 1529 1190; x_wconf 90' lang='lat' dir='ltr'><strong>Bossuetius</strong></span> 
     </span>
     <span class='ocr_line' id='line_1_14' title="bbox 186 1218 1532 1286; baseline -0.002 -17"><span class='ocrx_word' id='word_1_72' title='bbox 186 1222 288 1286; x_wconf 90' lang='lat' dir='ltr'><strong>ipse</strong></span> <span class='ocrx_word' id='word_1_73' title='bbox 323 1221 524 1269; x_wconf 87' lang='lat' dir='ltr'><strong>definiat</strong></span> <span class='ocrx_word' id='word_1_74' title='bbox 559 1233 606 1268; x_wconf 90' lang='lat' dir='ltr'><strong>et</strong></span> <span class='ocrx_word' id='word_1_75' title='bbox 635 1220 927 1268; x_wconf 90' lang='lat' dir='ltr'><strong>concludat:</strong></span> <span class='ocrx_word' id='word_1_76' title='bbox 972 1240 995 1266; x_wconf 72' lang='grc' dir='ltr'><strong>(ε</strong></span> <span class='ocrx_word' id='word_1_77' title='bbox 1030 1221 1194 1268; x_wconf 91' lang='lat' dir='ltr'><strong>Primo</strong></span> <span class='ocrx_word' id='word_1_78' title='bbox 1235 1236 1336 1267; x_wconf 91' lang='lat' dir='ltr'><strong>non</strong></span> <span class='ocrx_word' id='word_1_79' title='bbox 1372 1218 1532 1283; x_wconf 85' lang='lat' dir='ltr'><strong>explo-</strong></span> 
     </span>
     <span class='ocr_line' id='line_1_15' title="bbox 186 1296 1529 1347; baseline -0.002 0"><span class='ocrx_word' id='word_1_80' title='bbox 186 1309 346 1347; x_wconf 89' lang='lat' dir='ltr'><strong>ratum</strong></span> <span class='ocrx_word' id='word_1_81' title='bbox 376 1309 448 1346; x_wconf 90' lang='lat' dir='ltr'><strong>est</strong></span> <span class='ocrx_word' id='word_1_82' title='bbox 477 1299 660 1345; x_wconf 82' lang='lat' dir='ltr'><strong>Divum</strong></span> <span class='ocrx_word' id='word_1_83' title='bbox 691 1298 939 1345; x_wconf 90' lang='lat' dir='ltr'><strong>Thomam</strong></span> <span class='ocrx_word' id='word_1_84' title='bbox 975 1299 1024 1344; x_wconf 93' lang='lat' dir='ltr'><strong>in</strong></span> <span class='ocrx_word' id='word_1_85' title='bbox 1050 1297 1128 1345; x_wconf 93' lang='lat' dir='ltr'><strong>his</strong></span> <span class='ocrx_word' id='word_1_86' title='bbox 1158 1297 1355 1344; x_wconf 88' lang='lat' dir='ltr'><strong>duobus</strong></span> <span class='ocrx_word' id='word_1_87' title='bbox 1384 1296 1529 1344; x_wconf 90' lang='lat' dir='ltr'><strong>locis²</strong></span> 
     </span>
    </p>
   </div>
   <div class='ocr_carea' id='block_1_8' title="bbox 182 1414 1535 1707">
    <p class='ocr_par' dir='ltr' id='par_1_8' title="bbox 182 1414 1535 1707">
     <span class='ocr_line' id='line_1_16' title="bbox 242 1414 1535 1470; baseline -0.002 -14"><span class='ocrx_word' id='word_1_88' title='bbox 242 1429 277 1456; x_wconf 91' lang='lat'><strong>1.</strong></span> <span class='ocrx_word' id='word_1_89' title='bbox 310 1433 330 1454; x_wconf 75' lang='lat' dir='ltr'><strong>et</strong></span> <span class='ocrx_word' id='word_1_90' title='bbox 351 1417 452 1456; x_wconf 88' lang='lat' dir='ltr'><strong>Mais</strong></span> <span class='ocrx_word' id='word_1_91' title='bbox 480 1430 595 1470; x_wconf 89' lang='lat' dir='ltr'><strong>parce</strong></span> <span class='ocrx_word' id='word_1_92' title='bbox 619 1429 696 1469; x_wconf 89' lang='lat' dir='ltr'><strong>que</strong></span> <span class='ocrx_word' id='word_1_93' title='bbox 714 1415 810 1456; x_wconf 88' lang='lat' dir='ltr'><strong>c&#39;est</strong></span> <span class='ocrx_word' id='word_1_94' title='bbox 826 1416 998 1470; x_wconf 91' lang='lat' dir='ltr'><strong>quelque</strong></span> <span class='ocrx_word' id='word_1_95' title='bbox 1018 1416 1140 1455; x_wconf 89' lang='lat' dir='ltr'><strong>chose</strong></span> <span class='ocrx_word' id='word_1_96' title='bbox 1157 1415 1302 1455; x_wconf 91' lang='lat' dir='ltr'><strong>d&#39;assez</strong></span> <span class='ocrx_word' id='word_1_97' title='bbox 1322 1414 1479 1463; x_wconf 76' lang='lat' dir='ltr'><strong>delicat,</strong></span> <span class='ocrx_word' id='word_1_98' title='bbox 1495 1424 1535 1454; x_wconf 90' lang='lat' dir='ltr'><strong>et</strong></span> 
     </span>
     <span class='ocr_line' id='line_1_17' title="bbox 184 1473 1533 1530; baseline -0.003 -14"><span class='ocrx_word' id='word_1_99' title='bbox 184 1489 262 1530; x_wconf 88' lang='lat' dir='ltr'><strong>que</strong></span> <span class='ocrx_word' id='word_1_100' title='bbox 280 1475 316 1516; x_wconf 91' lang='lat' dir='ltr'><strong>le</strong></span> <span class='ocrx_word' id='word_1_101' title='bbox 342 1476 458 1529; x_wconf 89' lang='lat' dir='ltr'><strong>point</strong></span> <span class='ocrx_word' id='word_1_102' title='bbox 490 1476 539 1515; x_wconf 91' lang='lat' dir='ltr'><strong>de</strong></span> <span class='ocrx_word' id='word_1_103' title='bbox 567 1475 603 1514; x_wconf 89' lang='lat' dir='ltr'><strong>la</strong></span> <span class='ocrx_word' id='word_1_104' title='bbox 640 1476 824 1529; x_wconf 89' lang='lat' dir='ltr'><strong>question</strong></span> <span class='ocrx_word' id='word_1_105' title='bbox 860 1476 1033 1514; x_wconf 86' lang='lat' dir='ltr'><strong>consiste</strong></span> <span class='ocrx_word' id='word_1_106' title='bbox 1068 1476 1090 1514; x_wconf 76' lang='lat' dir='ltr'><strong>a</strong></span> <span class='ocrx_word' id='word_1_107' title='bbox 1125 1474 1180 1514; x_wconf 92' lang='lat' dir='ltr'><strong>les</strong></span> <span class='ocrx_word' id='word_1_108' title='bbox 1214 1474 1304 1513; x_wconf 91' lang='lat' dir='ltr'><strong>bien</strong></span> <span class='ocrx_word' id='word_1_109' title='bbox 1347 1473 1533 1513; x_wconf 89' lang='lat' dir='ltr'><strong>accorder</strong></span> 
     </span>
     <span class='ocr_line' id='line_1_18' title="bbox 184 1532 1532 1588; baseline -0.002 -14"><span class='ocrx_word' id='word_1_110' title='bbox 184 1534 388 1575; x_wconf 86' lang='lat' dir='ltr'><strong>ensemble</strong></span> <span class='ocrx_word' id='word_1_111' title='bbox 403 1534 479 1588; x_wconf 88' lang='lat' dir='ltr'><strong>(les</strong></span> <span class='ocrx_word' id='word_1_112' title='bbox 506 1535 776 1588; x_wconf 74' lang='lat' dir='ltr'><strong>Theologiens</strong></span> <span class='ocrx_word' id='word_1_113' title='bbox 809 1544 847 1574; x_wconf 92' lang='lat' dir='ltr'><strong>et</strong></span> <span class='ocrx_word' id='word_1_114' title='bbox 888 1534 944 1573; x_wconf 91' lang='lat' dir='ltr'><strong>les</strong></span> <span class='ocrx_word' id='word_1_115' title='bbox 974 1534 1127 1586; x_wconf 76' lang='lat' dir='ltr'><strong>Feres),</strong></span> <span class='ocrx_word' id='word_1_116' title='bbox 1158 1535 1194 1586; x_wconf 89' lang='lat' dir='ltr'><strong>je</strong></span> <span class='ocrx_word' id='word_1_117' title='bbox 1231 1546 1334 1572; x_wconf 80' lang='lat' dir='ltr'><strong>veux</strong></span> <span class='ocrx_word' id='word_1_118' title='bbox 1363 1532 1456 1572; x_wconf 89' lang='lat' dir='ltr'><strong>bien</strong></span> <span class='ocrx_word' id='word_1_119' title='bbox 1482 1546 1532 1572; x_wconf 87' lang='lat' dir='ltr'><strong>ne</strong></span> 
     </span>
     <span class='ocr_line' id='line_1_19' title="bbox 182 1591 1533 1646; baseline -0.002 -12"><span class='ocrx_word' id='word_1_120' title='bbox 182 1595 267 1634; x_wconf 88' lang='lat' dir='ltr'><strong>rien</strong></span> <span class='ocrx_word' id='word_1_121' title='bbox 289 1607 456 1634; x_wconf 84' lang='lat' dir='ltr'><strong>avancer</strong></span> <span class='ocrx_word' id='word_1_122' title='bbox 479 1594 528 1634; x_wconf 87' lang='lat' dir='ltr'><strong>de</strong></span> <span class='ocrx_word' id='word_1_123' title='bbox 551 1594 651 1633; x_wconf 89' lang='lat' dir='ltr'><strong>moi·</strong></span> <span class='ocrx_word' id='word_1_124' title='bbox 638 1596 801 1642; x_wconf 75' lang='lat' dir='ltr'><strong>-,meme</strong></span> <span class='ocrx_word' id='word_1_125' title='bbox 818 1604 856 1633; x_wconf 89' lang='lat' dir='ltr'><strong>et</strong></span> <span class='ocrx_word' id='word_1_126' title='bbox 879 1607 979 1634; x_wconf 86' lang='lat' dir='ltr'><strong>vous</strong></span> <span class='ocrx_word' id='word_1_127' title='bbox 999 1593 1092 1632; x_wconf 86' lang='lat' dir='ltr'><strong>faire</strong></span> <span class='ocrx_word' id='word_1_128' title='bbox 1115 1592 1241 1646; x_wconf 87' lang='lat' dir='ltr'><strong>parler</strong></span> <span class='ocrx_word' id='word_1_129' title='bbox 1263 1606 1311 1631; x_wconf 90' lang='lat' dir='ltr'><strong>en</strong></span> <span class='ocrx_word' id='word_1_130' title='bbox 1339 1605 1402 1631; x_wconf 92' lang='lat' dir='ltr'><strong>ma</strong></span> <span class='ocrx_word' id='word_1_131' title='bbox 1423 1591 1533 1645; x_wconf 87' lang='lat' dir='ltr'><strong>place</strong></span> 
     </span>
     <span class='ocr_line' id='line_1_20' title="bbox 182 1651 1532 1707; baseline -0.002 -14"><span class='ocrx_word' id='word_1_132' title='bbox 182 1652 500 1707; x_wconf 78' lang='lat' dir='ltr'><strong>l’incomparable</strong></span> <span class='ocrx_word' id='word_1_133' title='bbox 518 1654 618 1692; x_wconf 88' lang='lat' dir='ltr'><strong>saint</strong></span> <span class='ocrx_word' id='word_1_134' title='bbox 640 1654 832 1701; x_wconf 84' lang='lat' dir='ltr'><strong>Thomas,</strong></span> <span class='ocrx_word' id='word_1_135' title='bbox 859 1652 987 1706; x_wconf 92' lang='lat' dir='ltr'><strong>lequel</strong></span> <span class='ocrx_word' id='word_1_136' title='bbox 1008 1653 1115 1692; x_wconf 77' lang='lat' dir='ltr'><strong>etant</strong></span> <span class='ocrx_word' id='word_1_137' title='bbox 1135 1652 1172 1691; x_wconf 90' lang='lat' dir='ltr'><strong>d’</strong></span> <span class='ocrx_word' id='word_1_138' title='bbox 1174 1665 1229 1690; x_wconf 91' lang='lat' dir='ltr'><strong>un</strong></span> <span class='ocrx_word' id='word_1_139' title='bbox 1254 1651 1342 1690; x_wconf 73' lang='lat' dir='ltr'><strong>cote</strong></span> <span class='ocrx_word' id='word_1_140' title='bbox 1365 1664 1419 1690; x_wconf 90' lang='lat' dir='ltr'><strong>un</strong></span> <span class='ocrx_word' id='word_1_141' title='bbox 1438 1652 1532 1690; x_wconf 77' lang='lat' dir='ltr'><strong>Pete</strong></span> 
     </span>
    </p>
   </div>
   <div class='ocr_carea' id='block_1_9' title="bbox 157 1702 1533 1770">
    <p class='ocr_par' dir='ltr' id='par_1_9' title="bbox 157 1702 1533 1770">
     <span class='ocr_line' id='line_1_21' title="bbox 157 1702 1533 1770; baseline -0.002 -18"><span class='ocrx_word' id='word_1_142' title='bbox 157 1757 162 1761; x_wconf 47' lang='grc'>,</span> <span class='ocrx_word' id='word_1_143' title='bbox 182 1713 260 1752; x_wconf 72' lang='lat' dir='ltr'><strong>tres</strong></span> <span class='ocrx_word' id='word_1_144' title='bbox 279 1711 468 1770; x_wconf 87' lang='lat' dir='ltr'><strong>religieux</strong></span> <span class='ocrx_word' id='word_1_145' title='bbox 489 1722 527 1751; x_wconf 91' lang='lat' dir='ltr'><strong>et</strong></span> <span class='ocrx_word' id='word_1_146' title='bbox 547 1726 600 1751; x_wconf 93' lang='lat' dir='ltr'><strong>un</strong></span> <span class='ocrx_word' id='word_1_147' title='bbox 618 1714 694 1751; x_wconf 79' lang='lat' dir='ltr'><strong>tres</strong></span> <span class='ocrx_word' id='word_1_148' title='bbox 708 1713 810 1751; x_wconf 88' lang='lat' dir='ltr'><strong>saint</strong></span> <span class='ocrx_word' id='word_1_149' title='bbox 828 1713 1004 1751; x_wconf 88' lang='lat' dir='ltr'><strong>Docteur</strong></span> <span class='ocrx_word' id='word_1_150' title='bbox 1014 1711 1062 1750; x_wconf 91' lang='lat' dir='ltr'><strong>de</strong></span> <span class='ocrx_word' id='word_1_151' title='bbox 1080 1711 1105 1750; x_wconf 91' lang='lat' dir='ltr'><strong>l’</strong></span> <span class='ocrx_word' id='word_1_152' title='bbox 1110 1702 1256 1764; x_wconf 78' lang='lat' dir='ltr'><strong>Eglise,</strong></span> <span class='ocrx_word' id='word_1_153' title='bbox 1276 1720 1315 1750; x_wconf 90' lang='lat' dir='ltr'><strong>et</strong></span> <span class='ocrx_word' id='word_1_154' title='bbox 1332 1710 1380 1749; x_wconf 93' lang='lat' dir='ltr'><strong>de</strong></span> <span class='ocrx_word' id='word_1_155' title='bbox 1395 1709 1420 1749; x_wconf 92' lang='lat' dir='ltr'><strong>l&#39;</strong></span> <span class='ocrx_word' id='word_1_156' title='bbox 1423 1719 1533 1749; x_wconf 88' lang='lat' dir='ltr'><strong>autre</strong></span> 
     </span>
    </p>
   </div>
   <div class='ocr_carea' id='block_1_10' title="bbox 183 1762 1534 2346">
    <p class='ocr_par' dir='ltr' id='par_1_10' title="bbox 183 1762 1534 2062">
     <span class='ocr_line' id='line_1_22' title="bbox 183 1762 1530 1836; baseline -0.003 -25"><span class='ocrx_word' id='word_1_157' title='bbox 183 1770 212 1810; x_wconf 90' lang='lat' dir='ltr'><strong>l</strong></span> <span class='ocrx_word' id='word_1_158' title='bbox 211 1772 325 1825; x_wconf 87' lang='lat' dir='ltr'><strong>Ange</strong></span> <span class='ocrx_word' id='word_1_159' title='bbox 336 1771 420 1811; x_wconf 91' lang='lat' dir='ltr'><strong>del’</strong></span> <span class='ocrx_word' id='word_1_160' title='bbox 423 1762 560 1820; x_wconf 79' lang='lat' dir='ltr'><strong>Ecole‚</strong></span> <span class='ocrx_word' id='word_1_161' title='bbox 576 1772 611 1810; x_wconf 90' lang='lat' dir='ltr'><strong>le</strong></span> <span class='ocrx_word' id='word_1_162' title='bbox 632 1772 771 1811; x_wconf 81' lang='lat' dir='ltr'><strong>Maitre</strong></span> <span class='ocrx_word' id='word_1_163' title='bbox 782 1780 819 1810; x_wconf 89' lang='lat' dir='ltr'><strong>et</strong></span> <span class='ocrx_word' id='word_1_164' title='bbox 836 1771 871 1810; x_wconf 88' lang='lat' dir='ltr'><strong>le</strong></span> <span class='ocrx_word' id='word_1_165' title='bbox 887 1770 993 1810; x_wconf 87' lang='lat' dir='ltr'><strong>Chef</strong></span> <span class='ocrx_word' id='word_1_166' title='bbox 1005 1770 1053 1809; x_wconf 90' lang='lat' dir='ltr'><strong>de</strong></span> <span class='ocrx_word' id='word_1_167' title='bbox 1070 1779 1160 1809; x_wconf 90' lang='lat' dir='ltr'><strong>tous</strong></span> <span class='ocrx_word' id='word_1_168' title='bbox 1177 1769 1233 1809; x_wconf 89' lang='lat' dir='ltr'><strong>les</strong></span> <span class='ocrx_word' id='word_1_169' title='bbox 1246 1769 1530 1836; x_wconf 77' lang='lat' dir='ltr'><strong>Theologiens‚</strong></span> 
     </span>
     <span class='ocr_line' id='line_1_23' title="bbox 183 1828 1534 1884; baseline -0.003 -14"><span class='ocrx_word' id='word_1_170' title='bbox 183 1843 249 1870; x_wconf 88' lang='lat' dir='ltr'><strong>me</strong></span> <span class='ocrx_word' id='word_1_171' title='bbox 268 1831 391 1884; x_wconf 79' lang='lat' dir='ltr'><strong>parait</strong></span> <span class='ocrx_word' id='word_1_172' title='bbox 409 1839 497 1870; x_wconf 90' lang='lat' dir='ltr'><strong>tout</strong></span> <span class='ocrx_word' id='word_1_173' title='bbox 521 1844 543 1869; x_wconf 93' lang='lat' dir='ltr'><strong>a</strong></span> <span class='ocrx_word' id='word_1_174' title='bbox 559 1830 627 1869; x_wconf 82' lang='lat' dir='ltr'><strong>fait</strong></span> <span class='ocrx_word' id='word_1_175' title='bbox 647 1843 790 1883; x_wconf 88' lang='lat' dir='ltr'><strong>propre</strong></span> <span class='ocrx_word' id='word_1_176' title='bbox 819 1844 921 1883; x_wconf 86' lang='lat' dir='ltr'><strong>pour</strong></span> <span class='ocrx_word' id='word_1_177' title='bbox 952 1828 1185 1868; x_wconf 87' lang='lat' dir='ltr'><strong>rassembler</strong></span> <span class='ocrx_word' id='word_1_178' title='bbox 1218 1828 1274 1868; x_wconf 90' lang='lat' dir='ltr'><strong>les</strong></span> <span class='ocrx_word' id='word_1_179' title='bbox 1301 1829 1534 1867; x_wconf 87' lang='lat' dir='ltr'><strong>sentiments</strong></span> 
     </span>
     <span class='ocr_line' id='line_1_24' title="bbox 183 1887 1531 1944; baseline -0.003 -15"><span class='ocrx_word' id='word_1_180' title='bbox 183 1890 360 1944; x_wconf 68' lang='lat' dir='ltr'><strong>panagks</strong></span> <span class='ocrx_word' id='word_1_181' title='bbox 382 1889 450 1929; x_wconf 90' lang='lat' dir='ltr'><strong>des</strong></span> <span class='ocrx_word' id='word_1_182' title='bbox 470 1903 545 1929; x_wconf 91' lang='lat' dir='ltr'><strong>uns</strong></span> <span class='ocrx_word' id='word_1_183' title='bbox 565 1899 604 1928; x_wconf 91' lang='lat' dir='ltr'><strong>et</strong></span> <span class='ocrx_word' id='word_1_184' title='bbox 620 1889 687 1928; x_wconf 91' lang='lat' dir='ltr'><strong>des</strong></span> <span class='ocrx_word' id='word_1_185' title='bbox 704 1899 848 1937; x_wconf 87' lang='lat' dir='ltr'><strong>autres,</strong></span> <span class='ocrx_word' id='word_1_186' title='bbox 868 1898 907 1928; x_wconf 91' lang='lat' dir='ltr'><strong>et</strong></span> <span class='ocrx_word' id='word_1_187' title='bbox 926 1902 1028 1942; x_wconf 90' lang='lat' dir='ltr'><strong>pour</strong></span> <span class='ocrx_word' id='word_1_188' title='bbox 1049 1902 1151 1927; x_wconf 91' lang='lat' dir='ltr'><strong>nous</strong></span> <span class='ocrx_word' id='word_1_189' title='bbox 1174 1897 1298 1927; x_wconf 89' lang='lat' dir='ltr'><strong>tracer</strong></span> <span class='ocrx_word' id='word_1_190' title='bbox 1314 1887 1349 1926; x_wconf 91' lang='lat' dir='ltr'><strong>le</strong></span> <span class='ocrx_word' id='word_1_191' title='bbox 1372 1887 1531 1926; x_wconf 90' lang='lat' dir='ltr'><strong>chemin</strong></span> 
     </span>
     <span class='ocr_line' id='line_1_25' title="bbox 184 1947 1530 2003; baseline -0.003 -15"><span class='ocrx_word' id='word_1_192' title='bbox 184 1961 263 2003; x_wconf 90' lang='lat' dir='ltr'><strong>que</strong></span> <span class='ocrx_word' id='word_1_193' title='bbox 282 1961 385 1988; x_wconf 90' lang='lat' dir='ltr'><strong>nous</strong></span> <span class='ocrx_word' id='word_1_194' title='bbox 407 1949 559 1988; x_wconf 88' lang='lat' dir='ltr'><strong>devons</strong></span> <span class='ocrx_word' id='word_1_195' title='bbox 579 1949 709 1988; x_wconf 87' lang='lat' dir='ltr'><strong>suivre</strong></span> <span class='ocrx_word' id='word_1_196' title='bbox 728 1962 816 1987; x_wconf 88' lang='lat' dir='ltr'><strong>sans</strong></span> <span class='ocrx_word' id='word_1_197' title='bbox 851 1949 961 1987; x_wconf 84' lang='lat' dir='ltr'><strong>avoir</strong></span> <span class='ocrx_word' id='word_1_198' title='bbox 993 1961 1090 2001; x_wconf 91' lang='lat' dir='ltr'><strong>peur</strong></span> <span class='ocrx_word' id='word_1_199' title='bbox 1124 1947 1172 1986; x_wconf 88' lang='lat' dir='ltr'><strong>de</strong></span> <span class='ocrx_word' id='word_1_200' title='bbox 1208 1960 1311 1986; x_wconf 88' lang='lat' dir='ltr'><strong>nous</strong></span> <span class='ocrx_word' id='word_1_201' title='bbox 1345 1947 1494 1999; x_wconf 72' lang='lat' dir='ltr'><strong>egarer.</strong></span> <span class='ocrx_word' id='word_1_202' title='bbox 1510 1962 1530 1983; x_wconf 71' lang='lat' dir='ltr'><strong>n</strong></span> 
     </span>
     <span class='ocr_line' id='line_1_26' title="bbox 185 2007 949 2062; baseline -0.003 -14"><span class='ocrx_word' id='word_1_203' title='bbox 185 2007 328 2062; x_wconf 75' lang='lat' dir='ltr'><strong>(Lettre</strong></span> <span class='ocrx_word' id='word_1_204' title='bbox 348 2007 441 2047; x_wconf 85' lang='lat' dir='ltr'><strong>d&#39;un</strong></span> <span class='ocrx_word' id='word_1_205' title='bbox 468 2007 692 2061; x_wconf 81' lang='lat' dir='ltr'><strong>The&#39;ologien,</strong></span> <span class='ocrx_word' id='word_1_206' title='bbox 709 2021 777 2061; x_wconf 90' lang='lat' dir='ltr'><strong>pp.</strong></span> <span class='ocrx_word' id='word_1_207' title='bbox 797 2021 821 2055; x_wconf 87' lang='lat'><strong>4</strong></span> <span class='ocrx_word' id='word_1_208' title='bbox 836 2018 874 2047; x_wconf 91' lang='lat' dir='ltr'><strong>et</strong></span> <span class='ocrx_word' id='word_1_209' title='bbox 892 2007 949 2059; x_wconf 86' lang='lat'><strong>5.)</strong></span> 
     </span>
    </p>

    <p class='ocr_par' dir='ltr' id='par_1_11' title="bbox 183 2064 1534 2235">
     <span class='ocr_line' id='line_1_27' title="bbox 238 2064 1534 2120; baseline -0.003 -14"><span class='ocrx_word' id='word_1_210' title='bbox 238 2078 276 2106; x_wconf 87' lang='lat'><strong>2.</strong></span> <span class='ocrx_word' id='word_1_211' title='bbox 309 2082 330 2104; x_wconf 73' lang='grc' dir='ltr'><strong>α</strong></span> <span class='ocrx_word' id='word_1_212' title='bbox 355 2067 467 2107; x_wconf 87' lang='lat' dir='ltr'><strong>Circa</strong></span> <span class='ocrx_word' id='word_1_213' title='bbox 482 2066 596 2106; x_wconf 89' lang='lat' dir='ltr'><strong>ludos</strong></span> <span class='ocrx_word' id='word_1_214' title='bbox 614 2077 653 2106; x_wconf 87' lang='lat' dir='ltr'><strong>et</strong></span> <span class='ocrx_word' id='word_1_215' title='bbox 674 2068 799 2119; x_wconf 87' lang='lat' dir='ltr'><strong>jocos,</strong></span> <span class='ocrx_word' id='word_1_216' title='bbox 820 2067 886 2120; x_wconf 90' lang='lat' dir='ltr'><strong>qui</strong></span> <span class='ocrx_word' id='word_1_217' title='bbox 911 2078 1201 2119; x_wconf 89' lang='lat' dir='ltr'><strong>nonnunquam</strong></span> <span class='ocrx_word' id='word_1_218' title='bbox 1222 2065 1269 2104; x_wconf 90' lang='lat' dir='ltr'><strong>ad</strong></span> <span class='ocrx_word' id='word_1_219' title='bbox 1289 2065 1411 2103; x_wconf 89' lang='lat' dir='ltr'><strong>animi</strong></span> <span class='ocrx_word' id='word_1_220' title='bbox 1433 2064 1534 2103; x_wconf 88' lang='lat' dir='ltr'><strong>sola·</strong></span> 
     </span>
     <span class='ocr_line' id='line_1_28' title="bbox 183 2124 1532 2178; baseline -0.003 -12"><span class='ocrx_word' id='word_1_221' title='bbox 183 2139 277 2166; x_wconf 88' lang='lat' dir='ltr'><strong>men</strong></span> <span class='ocrx_word' id='word_1_222' title='bbox 291 2126 407 2166; x_wconf 89' lang='lat' dir='ltr'><strong>utiles</strong></span> <span class='ocrx_word' id='word_1_223' title='bbox 422 2136 529 2175; x_wconf 87' lang='lat' dir='ltr'><strong>sunt,</strong></span> <span class='ocrx_word' id='word_1_224' title='bbox 541 2125 604 2165; x_wconf 91' lang='lat' dir='ltr'><strong>illa</strong></span> <span class='ocrx_word' id='word_1_225' title='bbox 618 2126 740 2165; x_wconf 86' lang='lat' dir='ltr'><strong>virtus</strong></span> <span class='ocrx_word' id='word_1_226' title='bbox 751 2135 924 2165; x_wconf 79' lang='lat' dir='ltr'><strong>versatur</strong></span> <span class='ocrx_word' id='word_1_227' title='bbox 938 2138 1055 2178; x_wconf 90' lang='lat' dir='ltr'><strong>quam</strong></span> <span class='ocrx_word' id='word_1_228' title='bbox 1068 2124 1321 2177; x_wconf 88' lang='lat' dir='ltr'><strong>eutrapeliam</strong></span> <span class='ocrx_word' id='word_1_229' title='bbox 1332 2132 1489 2163; x_wconf 87' lang='lat' dir='ltr'><strong>vocant.</strong></span> <span class='ocrx_word' id='word_1_230' title='bbox 1511 2139 1532 2160; x_wconf 70' lang='lat' dir='ltr'><strong>n</strong></span> 
     </span>
     <span class='ocr_line' id='line_1_29' title="bbox 185 2185 862 2235; baseline -0.004 -9"><span class='ocrx_word' id='word_1_231' title='bbox 185 2188 260 2226; x_wconf 79' lang='lat'><strong>2-2</strong></span> <span class='ocrx_word' id='word_1_232' title='bbox 278 2193 328 2224; x_wconf 68' lang='lat'>¹¹².</span> <span class='ocrx_word' id='word_1_233' title='bbox 355 2186 506 2235; x_wconf 72' lang='lat' dir='ltr'><strong>Quaest.</strong></span> <span class='ocrx_word' id='word_1_234' title='bbox 530 2197 695 2234; x_wconf 79' lang='lat' dir='ltr'><strong>evam,</strong></span> <span class='ocrx_word' id='word_1_235' title='bbox 718 2194 789 2224; x_wconf 88' lang='lat' dir='ltr'><strong>art.</strong></span> <span class='ocrx_word' id='word_1_236' title='bbox 812 2185 862 2223; x_wconf 95' lang='lat' dir='ltr'><strong>II.</strong></span> 
     </span>
    </p>

    <p class='ocr_par' dir='ltr' id='par_1_12' title="bbox 186 2241 1534 2346">
     <span class='ocr_line' id='line_1_30' title="bbox 241 2241 1531 2298; baseline -0.004 -13"><span class='ocrx_word' id='word_1_237' title='bbox 241 2263 262 2285; x_wconf 72' lang='grc' dir='ltr'><strong>α</strong></span> <span class='ocrx_word' id='word_1_238' title='bbox 274 2246 334 2288; x_wconf 86' lang='lat' dir='ltr'><strong>Ad</strong></span> <span class='ocrx_word' id='word_1_239' title='bbox 346 2244 497 2284; x_wconf 78' lang='lat' dir='ltr'><strong>tertium</strong></span> <span class='ocrx_word' id='word_1_240' title='bbox 510 2244 738 2292; x_wconf 86' lang='lat' dir='ltr'><strong>dicendum,</strong></span> <span class='ocrx_word' id='word_1_241' title='bbox 749 2243 872 2298; x_wconf 88' lang='lat' dir='ltr'><strong>quod,</strong></span> <span class='ocrx_word' id='word_1_242' title='bbox 884 2244 985 2282; x_wconf 86' lang='lat' dir='ltr'><strong>sicut</strong></span> <span class='ocrx_word' id='word_1_243' title='bbox 996 2243 1214 2282; x_wconf 88' lang='lat' dir='ltr'><strong>dictumest</strong></span> <span class='ocrx_word' id='word_1_244' title='bbox 1225 2241 1317 2294; x_wconf 86' lang='lat' dir='ltr'><strong>(art.</strong></span> <span class='ocrx_word' id='word_1_245' title='bbox 1327 2241 1478 2295; x_wconf 80' lang='lat' dir='ltr'><strong>praeced</strong></span> <span class='ocrx_word' id='word_1_246' title='bbox 1483 2241 1531 2294; x_wconf 89' lang='lat'><strong>.)‚</strong></span> 
     </span>
     <span class='ocr_line' id='line_1_31' title="bbox 186 2300 1534 2346; baseline -0.005 0"><span class='ocrx_word' id='word_1_247' title='bbox 186 2305 304 2346; x_wconf 88' lang='lat' dir='ltr'><strong>ludus</strong></span> <span class='ocrx_word' id='word_1_248' title='bbox 328 2313 387 2344; x_wconf 83' lang='lat' dir='ltr'><strong>est</strong></span> <span class='ocrx_word' id='word_1_249' title='bbox 407 2304 647 2343; x_wconf 84' lang='lat' dir='ltr'><strong>necessarius</strong></span> <span class='ocrx_word' id='word_1_250' title='bbox 667 2303 714 2342; x_wconf 90' lang='lat' dir='ltr'><strong>ad</strong></span> <span class='ocrx_word' id='word_1_251' title='bbox 733 2303 1076 2342; x_wconf 83' lang='lat' dir='ltr'><strong>conversationem</strong></span> <span class='ocrx_word' id='word_1_252' title='bbox 1106 2301 1302 2340; x_wconf 88' lang='lat' dir='ltr'><strong>humanae</strong></span> <span class='ocrx_word' id='word_1_253' title='bbox 1336 2301 1451 2340; x_wconf 89' lang='lat' dir='ltr'><strong>vitae.</strong></span> <span class='ocrx_word' id='word_1_254' title='bbox 1472 2300 1534 2339; x_wconf 91' lang='lat' dir='ltr'><strong>Ad</strong></span> 
     </span>
    </p>
   </div>
   <div class='ocr_carea' id='block_1_11' title="bbox 113 2359 1534 2416">
    <p class='ocr_par' dir='ltr' id='par_1_13' title="bbox 113 2359 1534 2416">
     <span class='ocr_line' id='line_1_32' title="bbox 113 2359 1534 2416; baseline -0.007 -9"><span class='ocrx_word' id='word_1_255' title='bbox 113 2381 120 2386; x_wconf 85' lang='lat'><em>·</em></span> <span class='ocrx_word' id='word_1_256' title='bbox 185 2366 321 2406; x_wconf 88' lang='lat' dir='ltr'><strong>omnia</strong></span> <span class='ocrx_word' id='word_1_257' title='bbox 339 2372 472 2404; x_wconf 87' lang='lat' dir='ltr'><strong>autem</strong></span> <span class='ocrx_word' id='word_1_258' title='bbox 495 2375 595 2416; x_wconf 92' lang='lat' dir='ltr'><strong>quae</strong></span> <span class='ocrx_word' id='word_1_259' title='bbox 620 2371 710 2401; x_wconf 88' lang='lat' dir='ltr'><strong>sunt</strong></span> <span class='ocrx_word' id='word_1_260' title='bbox 731 2361 839 2401; x_wconf 89' lang='lat' dir='ltr'><strong>utilia</strong></span> <span class='ocrx_word' id='word_1_261' title='bbox 859 2361 1150 2400; x_wconf 84' lang='lat' dir='ltr'><strong>conversationi</strong></span> <span class='ocrx_word' id='word_1_262' title='bbox 1170 2360 1382 2407; x_wconf 90' lang='lat' dir='ltr'><strong>humanae,</strong></span> <span class='ocrx_word' id='word_1_263' title='bbox 1407 2359 1534 2412; x_wconf 91' lang='lat' dir='ltr'><strong>depu-</strong></span> 
     </span>
    </p>
   </div>
   <div class='ocr_carea' id='block_1_12' title="bbox 185 2418 1533 2774">
    <p class='ocr_par' dir='ltr' id='par_1_14' title="bbox 185 2418 1533 2774">
     <span class='ocr_line' id='line_1_33' title="bbox 185 2418 1533 2479; baseline -0.005 -16"><span class='ocrx_word' id='word_1_264' title='bbox 185 2426 256 2464; x_wconf 76' lang='lat' dir='ltr'><strong>tari</strong></span> <span class='ocrx_word' id='word_1_265' title='bbox 276 2431 443 2479; x_wconf 89' lang='lat' dir='ltr'><strong>possunt</strong></span> <span class='ocrx_word' id='word_1_266' title='bbox 452 2421 582 2475; x_wconf 87' lang='lat' dir='ltr'><strong>aliqua</strong></span> <span class='ocrx_word' id='word_1_267' title='bbox 598 2420 725 2460; x_wconf 86' lang='lat' dir='ltr'><strong>officia</strong></span> <span class='ocrx_word' id='word_1_268' title='bbox 740 2421 858 2460; x_wconf 90' lang='lat' dir='ltr'><strong>licita.</strong></span> <span class='ocrx_word' id='word_1_269' title='bbox 874 2422 921 2459; x_wconf 90' lang='lat' dir='ltr'><strong>Et</strong></span> <span class='ocrx_word' id='word_1_270' title='bbox 939 2421 1028 2459; x_wconf 91' lang='lat' dir='ltr'><strong>ideo</strong></span> <span class='ocrx_word' id='word_1_271' title='bbox 1045 2420 1162 2458; x_wconf 89' lang='lat' dir='ltr'><strong>etiam</strong></span> <span class='ocrx_word' id='word_1_272' title='bbox 1183 2418 1359 2458; x_wconf 89' lang='lat' dir='ltr'><strong>officium</strong></span> <span class='ocrx_word' id='word_1_273' title='bbox 1378 2419 1533 2457; x_wconf 82' lang='lat' dir='ltr'><strong>histrio-</strong></span> 
     </span>
     <span class='ocr_line' id='line_1_34' title="bbox 185 2477 1532 2537; baseline -0.006 -14"><span class='ocrx_word' id='word_1_274' title='bbox 185 2497 298 2532; x_wconf 86' lang='lat' dir='ltr'><strong>num,</strong></span> <span class='ocrx_word' id='word_1_275' title='bbox 329 2482 437 2537; x_wconf 90' lang='lat' dir='ltr'><strong>quod</strong></span> <span class='ocrx_word' id='word_1_276' title='bbox 467 2481 671 2520; x_wconf 86' lang='lat' dir='ltr'><strong>ordinatur</strong></span> <span class='ocrx_word' id='word_1_277' title='bbox 691 2481 737 2519; x_wconf 92' lang='lat' dir='ltr'><strong>ad</strong></span> <span class='ocrx_word' id='word_1_278' title='bbox 765 2480 948 2519; x_wconf 87' lang='lat' dir='ltr'><strong>solatium</strong></span> <span class='ocrx_word' id='word_1_279' title='bbox 977 2479 1210 2518; x_wconf 86' lang='lat' dir='ltr'><strong>hominibus</strong></span> <span class='ocrx_word' id='word_1_280' title='bbox 1243 2477 1532 2524; x_wconf 87' lang='lat' dir='ltr'><strong>exhibendum,</strong></span> 
     </span>
     <span class='ocr_line' id='line_1_35' title="bbox 185 2537 1531 2589; baseline -0.007 -6"><span class='ocrx_word' id='word_1_281' title='bbox 185 2551 343 2583; x_wconf 88' lang='lat' dir='ltr'><strong>nonest</strong></span> <span class='ocrx_word' id='word_1_282' title='bbox 362 2540 581 2580; x_wconf 89' lang='lat' dir='ltr'><strong>secundum</strong></span> <span class='ocrx_word' id='word_1_283' title='bbox 614 2553 653 2578; x_wconf 90' lang='lat' dir='ltr'><strong>se</strong></span> <span class='ocrx_word' id='word_1_284' title='bbox 681 2539 895 2578; x_wconf 87' lang='lat' dir='ltr'><strong>illicitum:</strong></span> <span class='ocrx_word' id='word_1_285' title='bbox 927 2551 999 2577; x_wconf 92' lang='lat' dir='ltr'><strong>nec</strong></span> <span class='ocrx_word' id='word_1_286' title='bbox 1030 2547 1120 2576; x_wconf 89' lang='lat' dir='ltr'><strong>sunt</strong></span> <span class='ocrx_word' id='word_1_287' title='bbox 1146 2538 1186 2576; x_wconf 91' lang='lat' dir='ltr'><strong>in</strong></span> <span class='ocrx_word' id='word_1_288' title='bbox 1228 2546 1328 2575; x_wconf 90' lang='lat' dir='ltr'><strong>statu</strong></span> <span class='ocrx_word' id='word_1_289' title='bbox 1368 2537 1531 2589; x_wconf 88' lang='lat' dir='ltr'><strong>peccati,</strong></span> 
     </span>
     <span class='ocr_line' id='line_1_36' title="bbox 186 2595 1532 2648; baseline -0.007 -6"><span class='ocrx_word' id='word_1_290' title='bbox 186 2600 409 2642; x_wconf 86' lang='lat' dir='ltr'><strong>dummodo</strong></span> <span class='ocrx_word' id='word_1_291' title='bbox 430 2599 629 2639; x_wconf 86' lang='lat' dir='ltr'><strong>moderate</strong></span> <span class='ocrx_word' id='word_1_292' title='bbox 650 2598 744 2637; x_wconf 88' lang='lat' dir='ltr'><strong>ludo</strong></span> <span class='ocrx_word' id='word_1_293' title='bbox 765 2608 938 2645; x_wconf 87' lang='lat' dir='ltr'><strong>utantur,</strong></span> <span class='ocrx_word' id='word_1_294' title='bbox 964 2596 1003 2636; x_wconf 89' lang='lat' dir='ltr'><strong>id</strong></span> <span class='ocrx_word' id='word_1_295' title='bbox 1023 2606 1096 2644; x_wconf 89' lang='lat' dir='ltr'><strong>est,</strong></span> <span class='ocrx_word' id='word_1_296' title='bbox 1119 2609 1199 2634; x_wconf 89' lang='lat' dir='ltr'><strong>non</strong></span> <span class='ocrx_word' id='word_1_297' title='bbox 1226 2595 1375 2634; x_wconf 90' lang='lat' dir='ltr'><strong>utendo</strong></span> <span class='ocrx_word' id='word_1_298' title='bbox 1394 2595 1532 2648; x_wconf 88' lang='lat' dir='ltr'><strong>aliqui-</strong></span> 
     </span>
     <span class='ocr_line' id='line_1_37' title="bbox 186 2653 1532 2703; baseline -0.005 -4"><span class='ocrx_word' id='word_1_299' title='bbox 186 2660 260 2700; x_wconf 93' lang='lat' dir='ltr'><strong>bus</strong></span> <span class='ocrx_word' id='word_1_300' title='bbox 295 2659 443 2699; x_wconf 88' lang='lat' dir='ltr'><strong>illicitis</strong></span> <span class='ocrx_word' id='word_1_301' title='bbox 479 2658 609 2697; x_wconf 82' lang='lat' dir='ltr'><strong>verbis</strong></span> <span class='ocrx_word' id='word_1_302' title='bbox 630 2658 691 2696; x_wconf 78' lang='lat' dir='ltr'><strong>vel</strong></span> <span class='ocrx_word' id='word_1_303' title='bbox 725 2657 834 2696; x_wconf 87' lang='lat' dir='ltr'><strong>factis</strong></span> <span class='ocrx_word' id='word_1_304' title='bbox 862 2656 910 2695; x_wconf 89' lang='lat' dir='ltr'><strong>ad</strong></span> <span class='ocrx_word' id='word_1_305' title='bbox 944 2655 1099 2703; x_wconf 88' lang='lat' dir='ltr'><strong>ludum,</strong></span> <span class='ocrx_word' id='word_1_306' title='bbox 1124 2665 1162 2694; x_wconf 87' lang='lat' dir='ltr'><strong>et</strong></span> <span class='ocrx_word' id='word_1_307' title='bbox 1192 2668 1272 2693; x_wconf 89' lang='lat' dir='ltr'><strong>non</strong></span> <span class='ocrx_word' id='word_1_308' title='bbox 1308 2653 1532 2693; x_wconf 87' lang='lat' dir='ltr'><strong>adhibendo</strong></span> 
     </span>
     <span class='ocr_line' id='line_1_38' title="bbox 186 2712 1529 2774; baseline -0.006 -16"><span class='ocrx_word' id='word_1_309' title='bbox 186 2719 327 2758; x_wconf 87' lang='lat' dir='ltr'><strong>ludum</strong></span> <span class='ocrx_word' id='word_1_310' title='bbox 360 2718 531 2771; x_wconf 84' lang='lat' dir='ltr'><strong>negotiis</strong></span> <span class='ocrx_word' id='word_1_311' title='bbox 563 2715 885 2774; x_wconf 47' lang='lat' dir='ltr'><strong>et·temporibus</strong></span> <span class='ocrx_word' id='word_1_312' title='bbox 923 2714 1178 2753; x_wconf 88' lang='lat' dir='ltr'><strong>indebitis...</strong></span> <span class='ocrx_word' id='word_1_313' title='bbox 1222 2730 1241 2749; x_wconf 72' lang='lat'><strong>³&gt;</strong></span> <span class='ocrx_word' id='word_1_314' title='bbox 1286 2714 1370 2751; x_wconf 87' lang='lat' dir='ltr'><strong>Loc.</strong></span> <span class='ocrx_word' id='word_1_315' title='bbox 1411 2712 1529 2757; x_wconf 60' lang='lat' dir='ltr'><strong>citat„</strong></span> 
     </span>
    </p>
   </div>
   <div class='ocr_carea' id='block_1_13' title="bbox 190 2778 353 2818">
    <p class='ocr_par' dir='ltr' id='par_1_15' title="bbox 190 2778 353 2818">
     <span class='ocr_line' id='line_1_39' title="bbox 190 2778 353 2818; baseline -0.012 0"><span class='ocrx_word' id='word_1_316' title='bbox 190 2787 263 2818; x_wconf 85' lang='lat' dir='ltr'><strong>art.</strong></span> <span class='ocrx_word' id='word_1_317' title='bbox 281 2778 353 2817; x_wconf 87' lang='lat'><em>111.</em></span> 
     </span>
    </p>
   </div>
  </div>
 </body>
</html>
