1930 3294
804 291 1030 335 -33—

243 390 418 439 talium
440 407 646 455 operum
667 389 886 437 fraudem
910 405 960 436 ac
984 387 1258 452 periculum
1273 398 1432 451 auget,
1450 385 1585 449 quod

242 484 310 525 ea,
366 485 480 516 curn
536 469 634 515 sint
687 465 1028 514 commendata
1096 465 1289 528 saepius
1351 479 1585 510 versuum

242 556 495 593 venustate
529 556 575 592 et
615 543 879 592 modorum
919 542 1290 605 saltationisque
1336 540 1584 595 illecebris,

245 621 381 670 nulla
404 621 654 685 voluptate
680 620 901 685 indigent
925 636 1047 683 quae
1073 620 1266 666 animos
1291 616 1586 681 permulcere

244 700 412 764 possit.
441 699 545 746 Hoc
571 710 642 746 est
665 714 851 753 verum,
875 709 929 745 ut
952 713 1057 744 mea
1078 696 1167 743 fert
1189 696 1375 759 opinio,
1396 693 1586 741 Molerii

244 777 293 824 in
315 793 474 823 mores
491 786 756 839 peccatum.
776 775 903 821 Nam
923 773 1083 821 multo
1102 774 1248 820 etiam
1268 772 1422 835 magis
1438 787 1586 834 quam

243 864 350 918 apte
387 853 513 900 dicta
540 853 666 917 ‘ejus
711 851 986 899 obscenitas
1028 879 1091 885 —
1121 866 1259 912 quae,
1310 847 1586 896 iterandum

244 931 436 994 saepius
463 941 548 985 est,
590 945 691 976 non
741 928 806 976 ibi
853 928 1059 975 excurrit
1110 927 1202 973 nisi
1231 926 1344 973 satis
1378 941 1482 972 raro
1530 940 1584 971 ac

245 1006 410 1055 solum
454 1008 503 1053 in
533 1007 697 1070 paucis
729 1017 775 1052 et
805 1006 935 1068 parvi
989 1004 1230 1051 momenti
1253 1001 1497 1066 operibus,
1525 1029 1589 1036 —

245 1084 499 1148 exquisita,
522 1082 724 1130 delicata
751 1082 977 1145 voluptas
1002 1097 1125 1144 quae
1160 1081 1209 1127 in
1239 1079 1390 1144 hujus
1418 1090 1586 1142 poetae

243 1160 515 1209 comoediis
535 1159 758 1223 pluribus
780 1159 1136 1222 perfectiusque
1164 1157 1419 1204 elaboratis
1441 1156 1588 1219 spirat

245 1249 292 1286 et
341 1237 541 1292 renidet,
587 1236 830 1284 lenocinia
870 1251 978 1299 prae
1018 1251 1067 1282 se
1109 1234 1198 1281 fert
1224 1232 1406 1297 quibus
1452 1231 1588 1279 facile

244 1310 374 1362 vinci
401 1314 477 1362 vel
501 1314 797 1361 fortissimus
823 1313 1031 1375 quisque
1054 1322 1099 1358 et
1127 1310 1389 1374 expugnari
1419 1309 1585 1373 possit.

245 1391 337 1440 Sed
366 1391 454 1439 hae
488 1390 678 1438 fabulae
719 1391 862 1453 ipsae,
901 1388 1012 1436 licet
1048 1388 1349 1451 frequentior
1382 1384 1496 1434 sane
1529 1386 1590 1433 sit

246 1485 481 1517 numerus
518 1484 667 1531 quam
705 1466 991 1514 fabellarum
1017 1476 1263 1529 protervae
1297 1464 1586 1518 festivitatis,

245 1562 453 1594 numero
479 1556 642 1592 tamen
682 1543 756 1591 vel
788 1542 1111 1606 amplitudine
1149 1541 1426 1606 insignibus
1462 1541 1590 1605 ejus-

243 1623 356 1671 dem
398 1622 667 1670 comoediis
705 1620 992 1668 concedunt.
1038 1620 1144 1679 Jam
1181 1618 1238 1666 de
1277 1618 1352 1665 his
1391 1618 1590 1664 fortasse

244 1701 454 1749 omnino
471 1699 668 1763 probare
686 1714 950 1762 possumus
966 1696 1100 1760 quod
1116 1696 1353 1743 universis
1370 1694 1589 1759 ejusdem

245 1777 410 1825 aetatis
443 1776 672 1840 operibus
706 1787 804 1822 tarn
842 1772 1118 1821 inconsulte
1160 1772 1371 1836 ponebat
1405 1772 1591 1818 Disser-

246 1855 446 1902 tationis
473 1855 702 1917 scriptor:
733 1874 753 1895 «
778 1851 915 1899 Adeo
943 1862 1059 1898 sunt
1098 1849 1353 1897 emendata
1375 1859 1429 1896 ut
1466 1847 1590 1895 nihil

247 1932 479 1995 recipiant
519 1929 652 1993 quod
679 1928 755 1976 vel
793 1929 1002 1975 maxime
1035 1938 1206 1974 teretes
1242 1937 1288 1973 et
1315 1924 1593 1989 relligiosis-

247 2009 397 2056 simae
413 2023 551 2055 aures
569 2017 888 2070 aspernentur
907 2021 958 2051 ac
986 2014 1215 2067 respuant
1232 2022 1271 2049 ».
1297 2002 1438 2056 Quae
1466 2001 1587 2057 laus,

248 2100 534 2149 quanquam
580 2085 630 2130 in
670 2083 746 2130 his
773 2082 995 2129 terminis
1029 2081 1404 2143 circumscripta,
1443 2078 1591 2142 digna

250 2173 322 2210 est
342 2172 505 2209 tamen
529 2177 652 2224 quae
684 2176 785 2207 non
810 2158 1025 2206 sileatur.

311 2238 455 2286 Alius
482 2249 647 2286 autem
687 2236 823 2284 locus
858 2251 960 2283 non
987 2251 1013 2282 a
1050 2234 1279 2297 scriptore
1311 2243 1468 2280 tactus
1506 2243 1590 2288 est,

249 2315 347 2372 ubi,
377 2327 540 2363 nostra
573 2313 775 2378 quidem
816 2312 1070 2367 sententia,
1106 2309 1340 2357 Molerius
1382 2309 1591 2356 maxime

248 2392 497 2440 claudicat.
525 2390 664 2439 Nihil
681 2402 754 2438 est
768 2391 901 2437 enim
919 2388 1244 2436 dubitationis
1267 2387 1389 2450 quin
1413 2401 1590 2433 omnes

250 2470 356 2535 ejus
380 2468 661 2517 comoediae
689 2466 917 2515 similiter
941 2475 1118 2513 sonent
1139 2475 1185 2511 et
1206 2464 1344 2527 quasi
1367 2478 1595 2510 commu-

252 2563 364 2594 nem
399 2546 610 2594 habeant
654 2546 885 2591 animam.
923 2542 1224 2605 Principium
1267 2556 1380 2587 vero
1411 2556 1466 2586 ex
1493 2555 1594 2602 quo

251 2624 583 2671 communiter
607 2621 821 2686 pendent
851 2636 951 2668 non
976 2620 1040 2666 ita
1066 2618 1332 2666 obscurum
1355 2627 1437 2663 est.
1466 2616 1592 2662 Nam

251 2701 351 2748 sive
371 2699 685 2748 ambitiosam
710 2699 760 2745 in
780 2712 1008 2746 sermone
1023 2706 1070 2743 et
1089 2694 1260 2743 habitu
1280 2693 1593 2758 jactationem
