1930 3294
877 273 1114 305 ..10—

389 371 518 425 Quis
558 372 692 418 enim
739 372 1007 419 cantricum
1054 383 1100 419 et
1139 373 1441 420 scenicarum
1487 371 1671 437 flagitia

322 465 421 495 non
465 448 586 495 bene
636 450 831 512 cognita
870 448 1029 505 habet,
1071 465 1194 512 quae
1245 449 1461 512 quidem,
1512 457 1672 497 ornatu

321 527 562 573 meretricio
608 533 645 573 et
702 525 762 573 ad
821 527 995 573 animas
1035 527 1344 589 praeparatae*
1378 525 1615 588 capiendas
1641 533 1670 583 ¹,

320 603 545 651 furantur
579 619 661 650 cor
705 602 1003 667 juvenibus?
1034 623 1056 647 «
1084 604 1226 657 Quae
1270 619 1385 651 vero
1418 615 1582 660 mater,
1621 619 1673 651 ac

321 696 381 726 ne
432 696 485 727 ea
542 680 744 743 quidem
798 679 1072 736 christiana,
1138 680 1220 728 sed
1283 680 1359 728 vel
1418 679 1672 729 tantulum
1709 707 1712 709 Δ

323 757 543 813 honesta,
563 774 663 805 non
682 758 834 805 satIus
856 757 1000 805 habet
1022 757 1175 805 filiam
1197 757 1358 805 videre
1375 758 1425 804 in
1449 756 1674 821 sepulcro

323 834 572 882 conditam
611 851 760 898 quam
798 836 847 881 in
885 851 1027 882 scena
1073 836 1139 882 sic
1176 834 1511 898 publicatam?
1537 833 1674 889 Quid

323 913 490 959 enim!
530 911 704 959 Taline
744 912 1008 976 opprobrio
1035 911 1243 959 filiolam
1284 923 1382 959 tarn
1430 913 1522 976 pie,
1574 922 1674 960 tam

324 1000 462 1037 caute
496 989 745 1037 educavit!
773 990 908 1037 Num
943 990 1008 1036 ita
1049 989 1126 1037 die
1161 1006 1212 1037 ac
1247 1000 1389 1037 nocte
1436 1000 1536 1037 tarn
1574 988 1678 1037 dili-

325 1077 493 1131 genter
528 1083 635 1115 eam
664 1068 713 1113 in
757 1068 870 1114 sinu
914 1067 1049 1123 fovit,
1101 1077 1156 1114 ut
1204 1066 1442 1114 omnibus
1485 1065 1673 1130 praeda,

324 1144 590 1209 juvenibus
613 1161 728 1192 vero
750 1143 1022 1207 corruptela
1040 1144 1201 1191 fieret!
1225 1145 1403 1207 Ecquis
1426 1145 1576 1208 igitur
1590 1142 1677 1190 has

327 1222 623 1269 miserrimas
650 1221 951 1269 Christianas
975 1251 1037 1256 —
1065 1222 1104 1269 si
1132 1221 1335 1284 quidem
1363 1222 1510 1268 etiam
1544 1237 1676 1268 nunc

326 1315 407 1346 eae
440 1298 746 1347 Christianae
782 1298 1031 1346 ducendae
1060 1310 1176 1346 sunt
1199 1314 1322 1361 quae
1351 1299 1401 1345 in
1435 1308 1533 1345 arte
1575 1313 1679 1345 ver-

332 1389 502 1426 santur
542 1388 640 1423 tam
681 1393 706 1423 a
739 1375 1000 1423 christiana
1039 1376 1138 1423 vita
1177 1375 1456 1423 abhorrenti
1481 1403 1549 1410 —
1575 1391 1678 1422 non

330 1457 378 1502 in
409 1470 618 1502 numero
654 1453 827 1501 habeat
851 1469 1017 1500 earum
1048 1469 1295 1500 servarum
1338 1468 1466 1500 veno
1495 1452 1679 1516 exposi-

327 1545 488 1581 tarum
517 1532 699 1595 quibus
726 1531 892 1578 omnis
923 1531 1064 1594 periit
1104 1530 1277 1593 pudor,
1306 1531 1381 1577 sin
1412 1530 1581 1577 minus
1614 1528 1679 1577 ob

328 1610 474 1658 aliam
503 1625 715 1664 causam,
745 1619 791 1655 at
822 1607 1000 1655 idcirco
1041 1608 1157 1670 quia
1203 1608 1250 1654 in
1297 1606 1464 1654 medio
1502 1622 1680 1670 propo-

330 1698 518 1735 nuntur
560 1697 606 1734 et
640 1686 872 1732 omnium
913 1684 1084 1732 oculos
1130 1684 1187 1731 ad
1225 1700 1328 1732 sese
1368 1694 1678 1739 convertunt,

329 1780 617 1829 quanquam
641 1779 728 1810 sua
744 1779 822 1810 eas
846 1762 1066 1809 conditio
1084 1761 1340 1809 muliebris
1362 1760 1680 1809 verecundiae

330 1841 711 1905 obligabatP....²
762 1859 784 1883 ³>
830 1841 924 1887 Ista
970 1840 1118 1903 igitur
1161 1838 1310 1887 dubia
1361 1849 1408 1886 et
1453 1838 1681 1902 ancipitia

330 1934 519 1983 genera,
543 1917 775 1964 homines
815 1915 999 1964 scilicet
1029 1916 1211 1979 quibus
1248 1914 1379 1963 haud
1414 1916 1680 1979 quicquam

329 1995 482 2051 virile,
510 2006 555 2043 et
576 1995 784 2042 feminas
807 1994 988 2057 quibus
1006 1993 1130 2040 nihil
1153 1994 1365 2040 omnino
1390 1991 1682 2040 mulieribus
1722 2010 1725 2011 ⁷

331 2073 580 2128 decorum,
610 2088 725 2118 cum
748 2087 939 2134 semper
969 2082 1014 2118 et
1041 2071 1224 2133 ubique
1249 2070 1489 2133 aspernari
1517 2069 1683 2117 debea-

334 2166 460 2206 mus,
487 2150 535 2196 in
566 2148 765 2196 theatris
796 2147 1179 2203 consideramus,
1205 2147 1486 2211 probamus,
1514 2147 1682 2209 eisque

334 2226 631 2291 plaudimus.

400 2304 660 2357 Quaenam
699 2318 813 2349 vero
860 2303 1061 2348 actitant
1097 2302 1146 2348 in
1191 2317 1335 2348 scena
1384 2300 1462 2348 isti
1500 2311 1684 2347 actores

335 2381 552 2443 istaeque
618 2380 848 2434 scenicae,
908 2395 1122 2442 quorum
1188 2387 1479 2441 conspectus
1546 2375 1684 2424 solus

335 2457 522 2521 flagitio
576 2458 681 2503 est?
722 2457 902 2504 Utrum
963 2471 1041 2503 eas
1105 2454 1293 2502 fabulas
1353 2465 1506 2518 agunt
1560 2469 1684 2517 quae

334 2534 531 2581 vivendi
575 2544 696 2580 recte
741 2532 1031 2596 exemplaria
1076 2532 1350 2596 praebeant,
1374 2547 1433 2578 an
1477 2547 1601 2594 quae
1629 2546 1686 2578 ex
1735 2537 1751 2543 ‘

394 2677 426 2703 1.
460 2665 514 2703 Ut
533 2664 571 2702 in
595 2662 802 2702 Proverbiis
822 2663 978 2716 legitur,
1002 2676 1039 2701 v.
1067 2661 1263 2710 Maximes,
1291 2662 1399 2701 VIII.

392 2735 428 2762 2.
461 2722 658 2771 Maximes,
681 2723 788 2761 VIII.
