1930 3294
892 298 1125 352 ...34—

322 409 582 454 Bossuetio
611 419 820 463 auctore,
845 408 1131 471 scriptorem
1158 407 1375 471 aliquem
1407 409 1522 472 quia
1549 425 1679 457 corn-

324 484 486 548 plures
512 483 703 534 ,fabulas
738 483 1089 548 petulantiores
1123 484 1199 532 vel
1233 484 1537 534 delicatiores
1563 486 1679 534 emi-

321 562 448 618 serit,
488 561 597 609 ideo
638 561 799 609 nullas
837 562 1083 625 scripsisse
1113 562 1207 609 nisi
1236 578 1358 625 quas
1384 562 1678 611 verecundia

319 637 628 702 Relligioque
656 650 863 702 respuat.
889 639 1062 702 Neque
1088 638 1496 696 existimabimus,
1519 640 1677 704 siqua

320 716 370 763 in
408 732 551 779 opere
588 717 766 764 animis
804 732 977 780 parum
1012 716 1144 763 sanis
1179 715 1254 764 vel
1293 717 1416 764 vitio
1458 715 1679 765 laboran-

322 792 493 840 tibus¹
549 793 740 840 officere
791 794 998 856 possint,
1046 794 1288 840 continuo
1337 810 1463 857 opus
1512 794 1676 858 ipsum
1730 807 1732 811 ’

321 871 651 933 corruptionis
684 870 1125 918 condemnandum
1157 887 1273 918 esse.
1310 870 1472 934 Atque
1501 871 1551 918 in
1583 872 1678 935 pri-

322 948 414 995 mis
446 964 547 995 non
575 947 828 995 credemus
850 946 1183 1011 Relligionem
1211 947 1529 996 christianam
1554 964 1677 997 sem-

321 1040 403 1088 per
429 1036 475 1072 et
505 1023 687 1088 ubique
722 1026 888 1072 risum
907 1035 954 1072 et
987 1024 1404 1073 delectamentum
1435 1024 1674 1083 detestari,

318 1101 663 1165 theatrumque
691 1103 960 1165 generatim
986 1113 1032 1149 et
1061 1101 1241 1149 indicta
1272 1118 1415 1150 causa
1446 1122 1468 1147 «
1501 1103 1676 1151 anathe-

317 1180 527 1239 matizare
579 1198 618 1225 ».
675 1178 803 1226 Illud
856 1195 969 1227 vero
1024 1180 1343 1243 potissimum
1396 1178 1674 1228 considera-

319 1255 498 1312 bimus,
542 1255 805 1303 Ecclesiam
848 1273 948 1304 non
994 1257 1043 1303 in
1094 1257 1338 1304 Bossuetii
1382 1258 1674 1305 severiorem

318 1334 612 1380 sententiam
644 1334 737 1381 isse
766 1344 827 1398 et,
858 1334 897 1380 si
926 1334 968 1381 ei
997 1333 1241 1396 expediret
1269 1333 1327 1381 ad
1355 1334 1499 1382 verba
1529 1333 1675 1382 alicu-

318 1411 397 1474 jus
438 1410 659 1457 hominis
699 1410 925 1458 absoluta
971 1427 1122 1474 eaque
1166 1411 1373 1458 minime
1414 1412 1675 1460 immutata

319 1504 516 1550 prorsus
559 1487 794 1544 accedere,
844 1489 943 1535 veri
995 1487 1155 1535 simile
1209 1487 1359 1536 videri
1410 1487 1672 1537 Ecclesiam

319 1565 485 1628 potius
518 1565 630 1611 Divi
679 1564 903 1612 Thomae
948 1564 1024 1612 vel
1067 1565 1179 1612 Divi
1219 1566 1456 1614 Francisci
1503 1565 1672 1614 Salesii

315 1658 418 1689 esse
456 1653 734 1689 secuturam
762 1642 918 1689 verba.
961 1642 1103 1698 Nam,
1140 1653 1386 1705 quantum
1422 1642 1671 1707 intellego,

314 1718 430 1766 haec
452 1719 622 1782 probat
642 1720 871 1767 Doctoris
889 1719 1113 1783 Angelici
1136 1719 1279 1767 verba
1305 1737 1312 1766 :
1345 1739 1368 1765 ε(
1397 1720 1527 1768 Cum
1546 1718 1669 1768 ludi-

312 1804 387 1843 cr'a
417 1807 464 1843 et
496 1797 659 1861 jocosa
697 1796 1005 1844 laudabiliter
1035 1807 1082 1844 et
1119 1796 1395 1844 secundum
1428 1797 1671 1845 rationem

310 1873 451 1937 dirigi
486 1885 683 1936 queant,
721 1890 895 1921 eorum
925 1890 1148 1921 excessus
1186 1890 1378 1938 semper
1420 1885 1706 1938 peccatum,-

313 1961 418 1997 est:
455 1950 704 1998 interdum
740 1950 932 2006 lethale,
969 1962 1164 2014 propter
1203 1952 1415 2015 speciem
1449 1952 1669 2009 actionis,

311 2038 357 2075 et
372 2027 621 2076 interdum
637 2027 840 2084 veniale,
857 2039 1052 2091 propter
1069 2027 1258 2076 debitae
1274 2029 1670 2076 circumstantiae

312 2103 557 2152 defectum
586 2111 600 2128 ²
639 2125 678 2152 ».
712 2105 893 2153 Eadem
924 2105 1000 2153 his
1028 2106 1266 2153 Francisci
1300 2104 1471 2153 Salesii
1509 2105 1668 2154 verbis

314 2198 414 2229 non
440 2183 607 2230 minus
636 2182 927 2246 suffragatur
949 2200 956 2229 :
986 2201 1008 2228 ε(
1034 2183 1152 2242 Joci,
1184 2182 1484 2239 saltationes,
1508 2183 1671 2230 convi-

310 2259 398 2315 via,
449 2271 720 2324 apparatus,
769 2259 1071 2315 comoediae,
1121 2259 1395 2307 secundum
1441 2276 1505 2316 se,
1544 2259 1670 2308 nihil

308 2337 518 2384 omnino
576 2336 758 2384 habent
823 2336 953 2393 mali,
1012 2336 1095 2384 sed
1159 2337 1284 2384 inter
1345 2336 1670 2384 indifferentia

310 2424 440 2470 sunt,
457 2430 510 2461 ea
532 2413 714 2461 scilicet
741 2430 828 2461 nec
845 2413 975 2461 bona
999 2428 1086 2461 nec
1114 2413 1253 2461 mala.
1281 2413 1531 2470 Attamen,
1551 2414 1691 2477 quia<

363 2571 397 2597 1.
431 2558 526 2605 Quo
558 2558 699 2598 morbo
739 2558 886 2598 scilicet
923 2559 1169 2612 Augustinus
1205 2557 1422 2611 implicitus
1450 2567 1546 2608 erat,
1576 2571 1667 2598 cum

306 2627 486 2669 raperent
507 2617 619 2656 illum
646 2634 664 2654 «
679 2617 900 2671 spectacula
919 2618 1120 2665 theatrica,
1142 2617 1257 2670 plena
1289 2617 1531 2670 imaginibus
1550 2617 1668 2657 mise-

304 2676 450 2715 riarum
469 2689 624 2715 suarum
647 2687 685 2716 et
711 2677 914 2716 fomitibus
937 2677 1038 2730 ignis
1054 2676 1126 2715 sui.
1153 2693 1172 2714 ›>
1200 2675 1380 2730 Confess„
1409 2676 1435 2716 l.
1457 2677 1527 2725 ΙΙΙ,
1554 2689 1590 2716 c.
1613 2677 1663 2716 11.

362 2747 399 2775 2.
433 2748 498 2774 2·2
518 2745 564 2784 ³0,
584 2745 734 2789 quaest.
750 2748 919 2784 CLXVIII,
943 2745 1013 2776 art.
1041 2736 1112 2774 111.
