1930 3294
815 269 872 276 ..
904 239 956 302 41
992 269 1048 276 .-

252 342 455 403 Utinam
483 371 543 402 ne
570 356 619 402 in
648 354 835 402 theatro
862 355 1128 402 assidentes
1154 354 1388 402 deteriora
1423 355 1593 403 huma·

254 432 418 479 nitatis
447 431 734 496 exemplaria
767 448 988 495 unquam
1022 433 1415 480 intueantur!—
1441 431 1592 486 Quod

253 509 427 570 sicum
455 508 532 556 his
557 508 895 556 defensoribus
924 525 1014 557 nos
1041 510 1267 556 societate
1295 510 1593 573 conjungere

41 587 49 594 '
118 583 498 654 '2Y'1‘101emus‚
545 585 667 633 illud
710 597 834 633 certe
877 585 1078 649 quidem
1123 586 1266 634 nobis
1302 585 1592 634 confirmare

107 671 116 680 ’
253 660 430 718 licebit,
472 678 782 726 nequaquam
814 674 983 726 poetae
1022 664 1071 710 in
1109 664 1277 710 animo
1313 663 1462 711 fuisse
1500 679 1592 710 nos

191 763 198 776 ⁴
251 754 449 803 prorsus
498 741 728 787 omnium
782 739 1001 788 Roderici
1051 738 1369 788 voluntatum
1427 740 1585 787 'facere

250 817 519 880 participes.
557 816 707 864 Grato
740 817 873 863 enim
911 817 1079 864 animo
1113 816 1284 864 theatri
1321 816 1593 880 quamlibet

219 944 223 946 ,
251 909 512 958 personam
533 893 697 940 audire
724 910 1005 957 possumus,
1029 909 1116 941 nec
1141 893 1250 941 ideo
1274 894 1443 941 omnia
1469 908 1593 957 quae

234 966 365 1018 ¹facit
411 969 489 1017 vel
534 971 681 1017 sentit
724 986 780 1019 ex
813 972 1096 1018 necessitate
1120 970 1407 1034 probamus.
1437 971 1514 1018 Sic
1541 972 1591 1018 in

221 1038 546 1109 [Rodericum
573 1048 751 1110 ipsum,
777 1064 906 1103 cum,
927 1047 1120 1095 Comite
1148 1049 1386 1095 Gomesio
1412 1049 1590 1103 occiso,
1619 1042 1622 1045 ’

252 1124 359 1188 ejus
384 1125 615 1172 convenit
638 1124 808 1180 filia-m,
838 1141 937 1171 non
967 1141 1080 1172 sane
1108 1126 1368 1172 severiores
1402 1141 1591 1181 sumus,

252 1200 335 1250 s'e'd
361 1212 527 1248 tamen
560 1201 607 1248 id
635 1217 737 1248 non
769 1202 819 1248 in
846 1202 952 1266 ejus
976 1201 1118 1249 laude
1147 1203 1394 1265 ponimus.
1419 1202 1592 1265 Neque

252 1277 325 1326 illi
347 1279 468 1326 vitio
485 1271 661 1326 dam³us
677 1278 809 1341 quod
837 1278 1068 1342 puellam,
1091 1278 1443 1333 reluctantibus
1463 1278 1588 1335 fatis,

211 1354 452 1420 j.diligere
480 1367 775 1419 perseveret;
804 1355 886 1403 sed
919 1354 1041 1402 illud
1081 1371 1247 1403 rursus
1275 1372 1366 1418 nos
1394 1372 1592 1420 magno-

252 1421 362 1497 pere
376 1431 599 1488 oblectat,
616 1432 766 1495 quod,
783 1434 1007 1496 quamvis
1030 1449 1211 1496 magno
1226 1433 1332 1497 ejus
1353 1432 1592 1481 desiderio

250 1509 434 1574 flagret,
464 1509 655 1556 nullam
670 1520 833 1556 tamen
851 1510 956 1573 ejus
973 1526 1110 1557 amor
1125 1509 1288 1556 officio
1315 1511 1591 1573 impensam

252 1598 431 1651 poscat,
460 1603 575 1634 cum
602 1598 649 1634 et
688 1603 837 1650 paene
879 1586 1002 1633 nihil
1034 1588 1083 1633 in
1111 1603 1161 1634 se
1202 1586 1426 1634 admittat
1458 1586 1591 1652 quod

250 1665 406 1712 virtus
433 1663 690 1727 improbet,
717 1680 804 1711 nec
831 1665 1098 1727 quicquam
1127 1664 1423 1711 intentatum
1451 1663 1592 1711 relin-

252 1752 370 1805 quat
416 1740 550 1804 quod
595 1742 750 1803 amori
795 1740 985 1788 officere
1037 1741 1203 1803 possit.
1257 1741 1311 1788 In
1356 1740 1592 1789 Roderico

251 1819 386 1866 enim
429 1817 511 1865 illa
542 1819 737 1865 virtutis
764 1819 939 1865 eximia
971 1819 1167 1881 species,
1197 1833 1321 1880 quae
1348 1817 1593 1866 Cornelia-

252 1911 433 1962 nprum
460 1894 669 1942 heroum
708 1906 822 1941 nota
852 1906 923 1942 est
950 1895 1172 1958 insignis,
1209 1895 1306 1959 jam
1338 1894 1592 1958 splendide

251 1971 420 2036 fulget.
449 1972 615 2019 Homo
654 1988 768 2019 sane
809 1982 881 2019 est
919 1971 1001 2019 ille
1034 1983 1094 2026 et,
1131 1983 1186 2018 ut
1224 1972 1289 2018 ita
1323 1971 1499 2027 dicam,
1539 1983 1594 2019 ut

252 2050 463 2112 quisque
499 2068 522 2093 «
560 2050 768 2096 maxime
799 2048 953 2095 homo
982 2066 1035 2104 »;
1061 2047 1143 2095 sed
1175 2047 1306 2096 idem
1333 2049 1407 2094 vir
1438 2059 1523 2104 est,
1546 2059 1592 2096 et

177 2140 183 2147 ·
234 2127 483 2190 ⁴omnium
513 2127 722 2173 maxime
744 2127 828 2172 vir.
856 2126 982 2172 Nam
1005 2126 1071 2172 sic
1092 2141 1256 2172 amore
1278 2124 1590 2181 inflammari,

233 2195 382 2250 'certo
424 2202 746 2250 humanitatis
786 2214 869 2249 est.
910 2203 964 2249 In
1005 2202 1174 2266 primis
1212 2218 1325 2248 vero
1360 2202 1590 2249 virtutem

253 2279 663 2343 honestatemque
685 2279 856 2335 colere,
885 2280 1023 2342 quasi
1051 2278 1358 2326 divinitatem
1381 2279 1589 2342 attingit.
1626 2285 1628 2287 ’

249 2356 373 2411 Quo
399 2355 554 2421 magis
578 2358 628 2404 in
651 2356 838 2404 lubrico
864 2355 1129 2404 Rodericus
1168 2371 1271 2402 esse
1297 2354 1502 2410 videtur,
1531 2371 1590 2403 eo

253 2449 304 2482 se
347 2433 610 2482 sublimius
647 2432 848 2480 extollit.
894 2433 1065 2495 Neque
1106 2448 1328 2494 unquam
1385 2431 1591 2495 deprimi

212 2556 217 2561 .
253 2510 456 2566 videtur,
486 2511 579 2558 nisi
609 2522 663 2558 ut
693 2521 856 2573 surgat
881 2509 1041 2556 altius.
1075 2509 1150 2556 Sic
1177 2508 1234 2555 ad
1268 2509 1386 2555 mire
1411 2525 1592 2571 expres-

253 2603 356 2635 sam
390 2587 656 2634 hominum
687 2586 1062 2634 similitudinem
1091 2585 1234 2632 fictus
1263 2596 1347 2640 est,
1376 2578 1590 2647 quorum

253 2663 455 2728 q-uidern
481 2675 643 2711 mente
672 2663 795 2710 nihil
821 2675 892 2711 est
912 2661 1259 2716 turbulentius,
1287 2661 1589 2718 mutabilius,
