1930 3294
865 260 1101 302 —50-

300 367 494 415 additus
541 379 790 415 naturae»
829 385 988 432 neque
1029 369 1133 417 ullo
1172 370 1321 418 modo
1362 371 1463 418 fieri
1507 387 1650 434 posse

297 444 517 492 videatur
563 456 616 492 ut
655 456 796 508 poeta
834 447 1034 494 vitiosas
1075 447 1149 494 vel
1192 447 1429 511 praeditas
1468 449 1646 496 virtute

300 538 530 584 personas
554 534 666 569 ante
694 522 867 570 oculos
903 535 1097 572 nostros
1132 524 1279 588 paulo
1319 524 1506 572 diutius
1542 541 1651 589 pro-

300 610 464 662 ponat,
494 600 614 662 quin
655 599 730 647 vel
778 599 1024 648 levissima
1065 601 1244 649 indicia
1292 602 1435 650 nobis
1469 602 1652 666 signifi-

299 687 409 723 cent
433 693 533 740 quo
574 688 715 739 poeta
752 677 852 741 ipse
882 689 1020 741 pacto
1051 694 1161 742 erga
1197 695 1274 726 eas
1301 680 1362 726 sit
1388 680 1648 736 animatus,

298 769 354 800 ex
381 769 439 800 eo
468 753 674 801 efficitur
693 765 747 801 ut
775 766 929 818 poeta,
962 756 1109 802 etiam
1138 756 1187 802 in
1213 755 1474 820 tragoediis
1499 755 1573 804 vel
1599 757 1649 803 in

298 830 584 885 comoediis,
631 831 681 878 in
725 848 868 878 scena
908 833 1047 895 quasi
1095 849 1320 896 praesens
1365 833 1502 889 adsit,
1550 832 1648 890 ubi,

299 919 483 971 praeter
534 909 841 972 opinionem,
899 921 1090 957 nostrae
1161 910 1439 974 probationi
1496 909 1649 958 alium

299 985 629 1041 commendet,
676 985 842 1033 ‚alium
890 1003 1004 1034 vero
1062 987 1120 1034 ad
1172 987 1650 1035 animadversionem

297 1062 528 1119 traducat,
551 1063 832 1126 insciosque
851 1063 1055 1111 demum
1075 1081 1166 1112 nos
1189 1065 1289 1128 ipse
1314 1081 1415 1128 quo
1439 1064 1651 1112 voluerit

299 1139 515 1187 inclinet.
543 1140 711 1203 Usque
738 1140 859 1188 adeo
888 1141 1016 1205 apud
1041 1158 1131 1189 nos
1155 1152 1409 1205 poetarum
1438 1153 1650 1206 potestas

297 1216 449 1264 valet!

361 1294 536 1357 Liquet
562 1310 676 1341 vero
711 1305 877 1357 poetas
910 1312 1010 1342 non
1039 1311 1231 1359 semper
1257 1307 1389 1343 tanta
1413 1306 1650 1360 potestate

298 1372 471 1435 pariter
503 1382 626 1419 recte
661 1373 746 1419 uti.
778 1371 877 1419 Alii
919 1374 1068 1429 enim,
1109 1384 1162 1420 ut
1202 1372 1499 1430 Quinaldus,
1534 1389 1648 1421 cum

297 1450 518 1512 personis
546 1450 648 1496 suis
676 1449 976 1513 corruptelae
1002 1450 1269 1513 quamdam
1298 1452 1472 1498 ineunt
1503 1452 1651 1499 socie·

296 1536 460 1573 tatem.
531 1526 767 1574 Molerius
838 1543 952 1575 vero
1017 1544 1384 1590 nonnunquam
1457 1527 1648 1576 libidini

296 1602 535 1667 indulget,
557 1615 603 1650 at
635 1605 917 1667 saepissime
947 1606 1154 1652 vitiosos
1176 1604 1406 1652 homines
1428 1606 1532 1652 sine
1550 1604 1661 1653 ullar

295 1679 539 1728 facilitatis
560 1682 841 1744 suspicione
868 1682 917 1729 in
946 1698 1143 1729 scenam
1168 1682 1369 1729 inducit.
1389 1681 1649 1730 Cornelius

296 1769 462 1805 autem
509 1769 704 1805 tantum
753 1759 886 1806 abest
936 1771 989 1806 ut
1033 1759 1225 1807 facilem
1264 1776 1367 1807 sese
1406 1759 1648 1823 voluptati

297 1835 532 1898 praebeat,
561 1846 615 1883 ut
643 1847 810 1883 contra
839 1837 887 1882 in
911 1847 1017 1883 toto
1044 1837 1150 1901 ejus
1169 1836 1358 1884 theatro
1385 1837 1465 1884 vix
1489 1853 1648 1884 unum

296 1928 572 1976 ganeonem
625 1914 828 1976 reperire
875 1914 1046 1977 possis.
1110 1914 1236 1960 Nam
1295 1913 1648 1977 quodcumque

296 1989 626 2053 cupiditatum
674 1989 731 2037 ab
787 1989 873 2037 illo
931 1990 1215 2054 depingitur
1269 1990 1394 2038 nihil
1446 1991 1542 2038 fere
1590 1990 1647 2038 ad

297 2066 541 2115 luxuriam
597 2068 834 2130 pertinet;
901 2079 1140 2131 praeterea
1206 2067 1467 2116 Cornelius
1530 2069 1647 2132 ipse,

296 2155 540 2207 quantum
594 2145 642 2190 in
704 2144 964 2208 tragoediis
1017 2156 1171 2208 partes
1231 2144 1439 2209 alicujus
1487 2155 1648 2192 tenere

295 2221 501 2277 videtur,
531 2238 644 2268 cum
686 2221 831 2269 bonis
864 2238 1055 2285 semper
1099 2222 1224 2278 facit,
1252 2233 1319 2278 ut,
1361 2223 1400 2269 si
1435 2221 1559 2270 illud
1597 2223 1647 2269 in

297 2314 354 2345 eo
393 2309 555 2345 totum
598 2299 817 2362 positum
861 2310 999 2354 esset,
1053 2298 1121 2345 nil
1170 2315 1286 2346 sane
1334 2298 1543 2347 dubium
1587 2300 1649 2346 sit

296 2376 419 2438 quin
449 2386 495 2423 et
523 2391 614 2430 nos
644 2386 916 2439 spectantes
938 2392 1134 2423 summa
1157 2376 1204 2422 vi
1237 2377 1295 2423 iis
1321 2377 1406 2439 qui
1438 2377 1648 2423 maxime

296 2453 475 2500 virtute
546 2453 645 2500 sint
726 2452 927 2516 praediti
1000 2453 1287 2500 faveremus.
1348 2454 1456 2514 Jam
1532 2468 1647 2500 vero

296 2530 542 2585 Racinius‚
566 2519 792 2592 quamvis
820 2529 1020 2577 licenter
1039 2529 1325 2577 adulescens
1350 2530 1575 2593 privatim
1598 2546 1648 2578 se

296 2604 511 2667 gesserit,
529 2614 576 2650 at
600 2614 764 2651 tamen
792 2620 892 2650 non
918 2603 1068 2651 modo
1089 2603 1388 2667 voluptarias
1410 2605 1648 2667 imagines

303 2678 350 2723 in
388 2677 633 2724 theat-rum
678 2695 777 2724 non
820 2678 1047 2734 admittit,
1089 2678 1171 2725 sed
1215 2679 1360 2725 etiam
1389 2694 1442 2725 ea
1468 2689 1646 2734 mente,
