1930 3294
805 292 1040 335 -51-

685 450 734 498 4.
772 436 860 485 De
900 435 1150 486 Racinio.

303 571 369 619 At
395 572 544 628 enirn,
573 571 700 620 dicet
729 572 923 636 aliquis,
951 589 1074 622 num
1101 573 1161 621 de
1191 574 1435 622 Bossuetii
1463 575 1591 640 justa

238 649 488 696 severitate
530 649 793 698 Racinium
833 651 997 714 ipsum
1043 651 1223 716 eripere
1270 651 1358 699 tibi
1405 653 1594 700 sumis?

237 724 417 773 Nonne
456 736 648 773 constat
697 742 872 774 omnes
916 726 1066 791 hujus
1113 738 1282 791 poetae
1322 728 1593 792 tragoedias

237 801 474 866 (exceptis
510 802 695 850 scilicet
731 803 887 851 Esther
922 814 969 851 et
994 804 1202 867 Athalie)
1226 804 1412 868 aliquid
1442 805 1593 853 molle

239 889 288 926 et
324 878 666 927 effeminatum
710 881 888 944 spirare
932 880 1082 943 quod,
1130 881 1251 929 dum
1301 882 1350 928 in
1398 883 1592 930 animos

239 970 513 1019 sensusque
578 972 754 1004 omnes
819 958 996 1021 irrepit,
1055 957 1308 1021 voluptate
1371 958 1593 1006 molliat?

237 1031 417 1080 Nonne
478 1032 556 1080 hic
615 1034 766 1097 igitur
826 1053 850 1078 «
895 1035 1179 1082 animorum
1230 1035 1514 1083 veneficus¹
1564 1055 1587 1080 »

239 1124 292 1156 ac
334 1125 443 1157 vere
486 1121 742 1174 corruptor
782 1111 876 1158 fuit
915 1110 1037 1158 olim
1077 1110 1375 1159 declaratus?
1411 1113 1591 1160 Nonne

238 1184 443 1233 demum
480 1187 596 1250 ipse,
630 1197 685 1234 ut
719 1187 1009 1235 Bossuetius
1041 1199 1192 1243 notat,
1221 1188 1449 1236 adversus
1480 1205 1592 1237 suas

239 1262 511 1327 tragoedias
558 1263 979 1327 locupletissimus
1025 1266 1160 1312 testis
1205 1276 1276 1312 est
1320 1264 1590 1321 habendus,

239 1339 421 1403 quippe
458 1356 623 1403 quem,
672 1357 786 1387 curn
826 1341 883 1388 ad
927 1342 1156 1404 pietatem
1189 1357 1292 1389 sese
1322 1343 1589 1406 recepisset,

240 1431 319 1464 eas
345 1416 570 1465 docuisse
608 1416 1049 1465 vehementissime
1083 1419 1294 1482 pigeret?
1322 1424 1418 1454 ²—
1449 1419 1591 1473 Quae

240 1492 443 1556 quidem
482 1495 651 1542 omnia
689 1511 780 1542 nos
818 1511 920 1542 non
960 1495 1173 1559 fugiunt.
1215 1495 1307 1543 Sed
1347 1506 1510 1544 tamen
1545 1506 1592 1543 et

239 1569 298 1618 ab
318 1571 423 1618 istis
445 1570 765 1634 amplissimis
787 1572 995 1620 testibus
1021 1573 1271 1635 provocari
1293 1583 1339 1620 et
1361 1572 1598 1621 adversus.

157 1703 160 1706 Α
238 1663 346 1694 eam
373 1663 522 1710 quam
555 1649 656 1711 ipse
689 1648 748 1696 de
780 1664 829 1696 se
856 1648 970 1696 tulit
998 1650 1293 1696 sententiam
1322 1650 1584 1698 Racinium

238 1724 403 1788 ipsum
429 1724 660 1788 appellari
690 1741 830 1788 posse
858 1724 1172 1773 confidimus.

305 1877 447 1925 Haud
476 1879 707 1942 cuiquam
733 1895 848 1926 sane
873 1878 1084 1926 dubium
1109 1890 1181 1927 est
1211 1880 1332 1942 quin
1357 1880 1589 1928 Racinius

242 1952 510 2002 hominum
539 1954 685 2018 longe
716 1955 863 2002 aliam
891 1957 1126 2019 exprimat
1153 1957 1420 2020 imaginem
1443 1967 1587 2020 atque

240 2031 504 2079 Cornelius
555 2031 758 2096 effingit.
810 2033 937 2079 Nam
989 2032 1141 2096 hujus
1192 2049 1440 2096 personae,
1488 2034 1588 2081 sive

240 2107 396 2156 bonae
454 2119 570 2157 sunt
625 2110 727 2156 sive
789 2108 956 2165 malae,
1004 2108 1315 2173 prudentiam
1366 2121 1589 2158 constan-

239 2185 457 2248 tiamque
480 2185 727 2233 declarant
753 2202 849 2249 qua
875 2184 999 2233 nihil
1028 2185 1221 2234 firmius
1249 2185 1588 2250 illustriusque

238 2263 438 2326 cogitari
468 2273 642 2326 potest.
676 2263 955 2311 Racinianis
988 2278 1102 2310 vero
1134 2263 1183 2310 in
1213 2264 1433 2326 personis
1457 2274 1590 2311 tanta

239 2338 366 2386 inest
406 2338 651 2387 dubitatio
691 2351 737 2387 et
788 2340 941 2387 animi
987 2339 1245 2387 infirmitas
1295 2351 1350 2387 ut
1399 2356 1590 2403 semper

238 2413 448 2463 consilio
494 2427 679 2480 egeant.
734 2415 887 2470 Quod
942 2417 1077 2464 enim
1127 2415 1186 2464 de
1242 2415 1438 2464 Athalia
1485 2415 1589 2464 sola

239 2491 502 2540 Mathanus
531 2494 822 2556 pronuntiat
845 2510 854 2539 :

298 2650 332 2678 1.
365 2638 520 2688 Nicole,
548 2638 805 2688 Visionnaires,
822 2639 950 2679 Lettre
969 2651 1003 2678 1.

297 2708 333 2736 2.
365 2696 564 2746 Maximes,
589 2698 659 2738 ΙΙΙ.
