1930 3294
276 351 505 416 subjecta,
535 351 800 414 aliquando
852 353 1060 399 severior
1106 364 1190 408 est,
1217 352 1298 399 sed
1340 352 1498 400 multo
1534 353 1617 399 fre-

275 429 510 492 quentius
554 430 822 492 corruptori
884 430 1061 492 cuique
1113 429 1367 477 luculento
1415 431 1619 493 turpiter

275 504 513 569 indulget.

338 582 493 646 Magis
512 598 625 630 vero
652 582 895 630 confidere
925 599 1190 646 possumus
1214 595 1465 646 poetarum
1495 585 1617 647 ipso·

275 675 383 707 rum
406 660 692 723 integritate.
737 659 880 706 Multi
922 661 1056 707 enim
1084 671 1252 723 poetae
1278 661 1465 724 poesim
1495 659 1615 707 adeo

276 752 377 783 non
406 747 579 800 putant
615 735 853 799 voluptati
896 735 1160 783 lenocinari
1188 753 1343 800 posse,
1380 748 1432 784 ut
1480 736 1613 784 illam

275 829 336 860 ne
373 812 546 860 ludum
588 812 789 875 quidem
828 812 1061 860 habentes
1105 815 1190 876 qui
1237 815 1431 861 animos
1489 814 1615 878 juste

272 900 418 953 atque
470 889 714 937 moderate
757 889 945 946 relaxet,
976 891 1140 954 potius
1187 890 1363 939 ducem
1400 891 1525 938 vitae
1570 902 1615 938 et

272 966 551 1015 officiorum
583 966 901 1030 profiteantur
939 969 1232 1032 magistram.
1269 969 1497 1032 Longum
1542 979 1614 1015 est

272 1054 347 1091 tot
369 1055 535 1108 poetas
562 1060 844 1091 enumerare
872 1045 956 1107 qui
979 1045 1045 1092 sic
1074 1061 1215 1092 suam
1253 1056 1403 1092 artem
1432 1045 1614 1109 magni-

271 1120 361 1169 fice
426 1122 729 1184 suspexerint
793 1132 840 1168 et
911 1138 1108 1168 morum
1171 1123 1612 1184 institutorumque

273 1197 598 1262 regendorum
638 1197 732 1245 hoc
770 1198 859 1245 sibi
899 1200 1198 1262 susceperint
1236 1215 1376 1262 grave
1413 1215 1611 1247 munus.

270 1275 425 1338 Magis
442 1290 555 1322 vero
579 1274 637 1321 ad
665 1291 765 1322 rem
794 1276 999 1338 pertinet
1027 1275 1198 1331 dicere,
1226 1277 1427 1323 omissis
1455 1277 1611 1339 poetis

272 1353 403 1416 ipsis,
432 1353 578 1399 etiam
605 1353 796 1415 reperiri
822 1351 1022 1407 multos,
1053 1369 1212 1415 neque
1231 1369 1315 1400 eos
1331 1352 1612 1409 mediocres,

272 1429 358 1492 qui
391 1430 579 1492 poesim
632 1428 829 1492 plurimi
871 1429 1084 1476 fecerint.
1112 1429 1203 1476 Sed
1233 1446 1392 1477 unum
1430 1446 1612 1477 nomen

273 1506 526 1570 proferam.
550 1506 676 1552 Nam
707 1505 901 1561 Fenelo,
932 1506 1064 1554 verbi
1091 1507 1253 1570 gratia,
1281 1506 1613 1554 incredibilem

225 1599 229 1602 ·
274 1584 323 1630 in
350 1582 558 1630 modurn
583 1584 771 1646 poesim
790 1595 861 1630 est
878 1582 1157 1630 admiratus.
1175 1583 1317 1631 Haud
1333 1585 1612 1647 quisquam,

273 1670 328 1707 ut
363 1659 578 1715 arbitror,
612 1659 954 1707 vehementius
995 1671 1040 1707 et
1078 1661 1270 1723 gravius
1306 1660 1614 1708 confirmavit

272 1737 521 1801 poeticum
547 1753 732 1783 munus
767 1753 867 1783 non
909 1736 955 1783 id
990 1753 1092 1784 esse
1129 1736 1263 1799 quod
1300 1736 1479 1801 vulgus
1521 1737 1611 1785 sibi

271 1813 426 1860 finxit.
447 1841 514 1848 —
528 1813 707 1868 Poesis,
727 1814 794 1860 sic
815 1813 1077 1876 eloquitur,
1096 1813 1369 1877 Relligione
1397 1815 1610 1877 primum

271 1902 546 1938 consecrata
571 1901 617 1937 et
642 1889 904 1953 Relligioni
932 1890 1099 1946 dicata,
1128 1890 1303 1938 mundi
1334 1892 1536 1954 originis
1566 1902 1612 1938 et

269 1968 359 2015 Dei
413 1966 712 2015 mirabilium
752 1967 1025 2014 facinorum
1059 1967 1271 2030 prodidit
1307 1969 1608 2015 memoriam.

272 2044 410 2098 Quin
440 2045 585 2091 etiam
614 2055 659 2091 et
682 2045 859 2107 primas
887 2043 1015 2107 leges
1042 2043 1331 2091 hominibus
1359 2045 1610 2108 imposuit,

271 2132 318 2169 et
342 2121 400 2168 ad
423 2120 782 2168 humanitatem
807 2137 891 2168 eos
919 2120 1143 2176 excoluit,
1161 2132 1207 2168 et
1235 2121 1293 2168 ad
1310 2123 1422 2168 recti
1439 2121 1612 2169 hones-

271 2199 407 2261 tique
448 2214 666 2245 amorem
703 2199 896 2244 animos
932 2197 1222 2244 conciliavit.
1263 2198 1368 2245 Hoc
1404 2198 1613 2246 efficitur

273 2286 341 2330 ut,
393 2274 817 2338 quemadmodum
862 2274 1114 2337 improbos
1166 2286 1331 2337 poetas
1370 2277 1610 2338 aspernari

271 2351 521 2406 debemus,
550 2353 616 2399 sic
646 2352 804 2398 mirari
834 2362 978 2414 atque
1008 2351 1168 2398 fovere
1191 2350 1332 2398 illum
1360 2353 1609 2415 egregium

271 2439 466 2492 poetam
492 2427 670 2483 deceat,
699 2429 799 2491 qui,
822 2444 910 2475 nec
945 2439 1044 2474 tam
1072 2427 1299 2491 pulchrae
1323 2430 1434 2475 artis
1459 2428 1611 2492 digni-

270 2517 419 2553 tatem
446 2506 636 2569 frangit,
665 2521 823 2567 neque
858 2506 906 2551 in
944 2506 1105 2551 inania
1135 2504 1488 2552 oblectamenta
1526 2518 1610 2553 aut

272 2582 330 2630 ad
369 2581 733 2629 conciliandum
766 2581 977 2628 favorem
1018 2582 1065 2627 in
1106 2593 1417 2628 momentum
1461 2582 1606 2629 talem

273 2660 510 2707 convertit
549 2670 714 2712 artem,
761 2658 841 2705 sed
885 2674 938 2705 ea
979 2674 1078 2704 non
1121 2659 1286 2711 utitur,
1327 2659 1511 2705 nisivut
1550 2659 1606 2706 ad
