1930 3294
320 369 356 408 ἐν
378 372 482 419 ὑμῖν,
513 365 640 416 κκΟὼς
670 372 809 422 πρέπει
837 368 975 421 ἁγίας·
1007 369 1068 409 ‘mci
1098 367 1322 423 αἰσχρότης,
1353 370 1415 410 καὶ
1441 370 1666 423 μωρολογία

317 442 339 490 ἢ
365 440 618 493 εὑτρκπελία,
650 437 673 480 ἅ
701 441 770 482 οὐκ
792 438 934 493 ἀνῆκεν
954 446 1023 481 ¹...
1058 454 1078 478 »
1110 437 1247 491 Quid
1269 453 1383 484 vero
1406 449 1538 484 nunc
1558 437 1667 484 atti-

319 524 400 560 net
433 513 555 561 alios
588 513 797 562 aliorum
826 515 960 565 locos
994 517 1192 564 referre?
1223 515 1368 562 Nunc
1396 513 1530 577 quod
1556 530 1665 562 vere

319 591 635 654 praecipuum
688 603 759 639 est
801 603 1041 642 tenemus.
1092 594 1222 640 Licet
1266 593 1414 655 igitur
1453 592 1665 652 Joannes

319 667 704 730 Chrysostomus
768 681 813 717 et
871 672 1165 719 Ambrosius
1225 681 1271 717 et
1333 670 1665 732 Hieronymus

319 756 364 792 et
399 745 622 801 Basilius,
670 759 1069 812 quantacumque
1115 764 1286 795 eorum
1333 758 1404 794 est
1447 745 1569 794 fides
1619 757 1665 794 et

319 824 593 879 auctoritas,
621 824 733 871 Divi
768 825 905 873 Pauli
934 827 1227 874 sententiam
1257 824 1595 872 renovaverint
1619 834 1666 871 et

319 899 674 964 explicaverint,
711 919 811 949 non
844 903 1022 951 idcirco
1063 903 1214 967 hujus
1255 902 1522 950 sententiae
1560 901 1663 948 vim

318 989 569 1034 auxerunt,
609 995 703 1042 qua
738 980 939 1043 quidem
975 980 1044 1028 nil
1082 981 1258 1028 certius
1295 980 1664 1043 expressiusque

318 1056 576 1119 excogitari
605 1067 777 1120 potest.

380 1132 532 1195 Atqui
563 1133 719 1181 Divus
746 1134 968 1182 Thomas
996 1136 1043 1182 in
1077 1151 1123 1182 re
1154 1145 1286 1182 tanta
1311 1133 1369 1181 ab
1398 1132 1494 1180 illis
1519 1132 1664 1180 Patri-

318 1209 408 1257 bus
433 1211 686 1275 sejungere
714 1228 763 1259 se
785 1223 831 1259 et
855 1211 1126 1259 admodum
1154 1211 1384 1259 dissidere
1407 1227 1506 1258 non
1527 1209 1672 1269 dubi->

316 1298 396 1334 tat.
446 1288 572 1334 Nam
622 1305 734 1336 cum
784 1289 855 1336 illi
906 1306 1004 1337 una
1047 1306 1166 1337 voce
1218 1306 1269 1336 ac
1319 1299 1482 1335 mente
1527 1288 1701 1352 iocos

317 1365 569 1428 risumque
621 1366 1069 1423 condemnaverint,
1114 1366 1193 1414 hic
1242 1366 1661 1414 oblectamentum

316 1444 453 1505 quasi
480 1443 529 1489 in
552 1443 701 1490 fidem
724 1445 905 1508 recipit,
930 1461 1017 1491 nec
1042 1444 1206 1492 solum
1228 1443 1274 1490 id
1297 1444 1500 1490 crimine
1523 1441 1661 1498 levat,

316 1531 362 1566 at
401 1537 561 1584 paene,
587 1520 645 1567 ad
680 1520 870 1568 caelum
919 1521 1120 1569 extollit.
1162 1522 1229 1568 Ita
1263 1537 1376 1568 vero
1411 1519 1659 1584 loquitur:

320 1617 341 1641 «
376 1597 468 1645 Sed
496 1609 662 1645 contra
685 1610 756 1646 est
781 1598 914 1662 quod
942 1599 1255 1662 Augustinus
1280 1598 1397 1645 dicit
1421 1598 1661 1660 (Musicae,

320 1694 341 1719 «
372 1674 454 1722 lib.
472 1676 638 1739 ILcap.
661 1675 809 1723 ult.in
837 1676 980 1739 fin.):
1016 1676 1126 1724 Volo
1153 1675 1328 1723 tandem
1361 1675 1443 1722 tibi
1469 1681 1629 1737 parcas
1649 1690 1662 1721 .·

319 1771 341 1796 c<
370 1767 474 1799 nam.
503 1754 736 1814 sapientem
755 1753 870 1800 decet
889 1753 1109 1800 interdum
1143 1754 1353 1800 remittere
1379 1754 1514 1800 aciem
1538 1751 1663 1799 rebus

319 1829 553 1892 «agendis
595 1831 820 1878 intentam.
857 1859 924 1866 —-
958 1831 1049 1878 Sed
1099 1832 1188 1878 ista
1236 1831 1458 1878 remissio
1509 1829 1661 1876 animi

319 1926 340 1951 c<
370 1924 395 1954 a
411 1907 554 1955 rebus
569 1907 768 1972 agendis
784 1908 839 1955 fit
854 1925 936 1971 per
951 1907 1133 1956 ludicra
1156 1908 1299 1955 verba
1320 1919 1366 1955 et
1386 1907 1519 1954 facta.
1537 1907 1661 1970 Ergo

319 2003 340 2028 «
372 1984 448 2032 his
464 1985 795 2032 utiinterdum
818 1985 875 2032 ad
896 1986 1166 2049 sapientem
1189 1997 1235 2032 et
1261 1986 1539 2032 virtuosum
1565 1999 1663 2048 per-

318 2082 340 2107 «
370 2063 505 2110 tinet.
523 2063 810 2125 Philosophus
851 2064 985 2110 enim
1035 2063 1220 2125 (Ethie,
1241 2062 1322 2110 lib.
1363 2063 1440 2118 IV,
1481 2077 1580 2126 cap.
1607 2063 1663 2125 8)

319 2141 511 2203 «ponit
558 2141 790 2187 virtutem
828 2139 1118 2203 eutrapeliae
1165 2141 1286 2187 circa
1329 2139 1487 2195 ludos,
1511 2155 1661 2203 quam

312 2223 339 2262 '«
371 2234 461 2264 nos
478 2234 743 2280 possumus
772 2217 1299 2282 dicerejucunditatem
1330 2218 1455 2279 (sive
1478 2216 1660 2264 bonam

319 2314 339 2339 c<
371 2296 832 2357 conversionem...)
854 2323 920 2330 —
946 2309 1250 2342 CONCLusio:
1278 2294 1415 2342 Circa
1447 2293 1592 2341 ludos
1616 2304 1662 2341 et

319 2391 341 2416 c<
371 2372 520 2436 jocos,
535 2373 620 2435 qui
644 2388 1009 2435 nonnunquam
1025 2372 1083 2419 ad
1105 2373 1257 2419 animi
1279 2371 1499 2418 solamen
1517 2369 1661 2418 utiles

318 2469 340 2493 «
371 2459 500 2504 sunt,
546 2448 628 2495 illa
683 2451 837 2496 virtus
875 2460 1091 2496 versatur
1144 2465 1292 2512 quam
1345 2447 1659 2511 eutrapeliam

319 2546 341 2571 ‹<
370 2533 588 2573 vocant².
617 2546 638 2570 »
676 2527 816 2580 Quae
848 2527 996 2590 igitur
1030 2528 1380 2574 sententiarum
1415 2525 1661 2573 dissimili-

373 2667 406 2693 1.
439 2654 586 2707 Ephes.,
611 2655 662 2702 V,
685 2668 723 2702 4.

369 2726 404 2752 2.
439 2726 505 2752 2-2
526 2723 557 2739 20
572 2714 739 2761 Quaest„
762 2725 924 2761 chvm,
944 2722 1014 2752 art.
1031 2714 1079 2752 II.
