1930 3294
871 298 927 303 -.
966 286 1021 329 40
1052 298 1109 304 -

732 416 779 462 3.
829 402 913 448 De
955 399 1225 450 Cornelio,

372 545 564 592 Omnes
589 561 702 591 sane
721 555 963 591 noverunt
982 556 1240 608 quantum,
1264 545 1396 608 quod
1414 545 1471 593 ad
1493 562 1651 594 mores

307 623 491 678 attinet,
537 621 777 669 intervalli
818 623 879 669 sit
927 623 1234 686 interjectum
1280 623 1403 670 inter
1444 623 1653 671 Astratae

305 699 402 747 vel·
436 699 654 746 Armidae
714 700 996 762 scriptorem
1057 710 1102 746 et
1169 699 1458 748 Cornelium
1522 701 1653 750 Raci-

307 778 560 840 niumque.
580 776 921 830 Quamobrem
945 775 1075 824 haud
1094 777 1400 824 mediocriter
1416 778 1652 826 miramur

308 854 441 918 quod
469 855 758 901 Bossuetius
788 870 938 917 paene
970 854 1191 902 eamdem
1222 856 1270 901 in
1301 854 1398 902 illis
1421 871 1569 918 quam
1600 857 1650 903 in

308 934 402 979 isto
419 931 695 979 adhibuerit
715 932 1034 979 severitatem.
1051 932 1178 978 Nam
1192 933 1448 995 utriusque
1464 932 1651 981 fabulas

310 1031 330 1052 «
353 1009 527 1073 pudori
542 1008 836 1072 periculosas
856 1015 904 1053 ¹»
931 1010 1230 1072 pronuntiat.
1246 1009 1650 1074 Quodjudicium

308 1087 568 1134 manifesto
605 1087 821 1149 asperius
864 1097 935 1133 est
969 1103 1118 1149 quam
1151 1098 1205 1134 ut
1245 1103 1290 1134 re
1328 1088 1395 1134 sic
1443 1087 1652 1152 judicata

304 1158 428 1212 stare
469 1165 731 1227 possimus.
775 1163 866 1211 Sed
900 1175 954 1211 ut
989 1163 1159 1211 ordine
1198 1180 1474 1227 prosequar,
1525 1180 1651 1228 quos

307 1242 583 1305 promiscue
601 1242 805 1305 scriptor
823 1241 1184 1298 condemnavit,
1197 1242 1381 1289 viritim
1397 1242 1652 1290 defendere

305 1319 518 1367 tentabo.

378 1416 400 1442 «
428 1396 700 1452 Quidnam,
730 1412 929 1459 quaeso,
962 1397 1011 1443 in
1041 1395 1204 1443 fabula
1230 1397 1267 1444 Ie
1298 1396 1386 1444 Cid
1427 1396 1517 1444 sibi
1539 1397 1654 1445 Cor-

306 1474 466 1522 nelius
494 1475 627 1538 petit,
667 1474 760 1520 nisi
790 1485 845 1521 ut
871 1485 917 1521 et
952 1490 1043 1521 nos
1075 1473 1398 1521 Chimaenam
1425 1490 1650 1522 amemus

307 1564 352 1600 et
387 1553 435 1599 in
464 1552 569 1616 ejus
600 1567 764 1598 amore
797 1568 895 1598 una
922 1567 1036 1598 cum
1066 1551 1303 1599 Roderico
1337 1551 1652 1615 depereamus

306 1641 351 1677 et
379 1646 476 1677 una
500 1645 615 1676 cum
643 1645 715 1684 eo,
741 1628 823 1676 ubi
851 1629 899 1675 in
926 1640 1116 1676 metum
1145 1645 1204 1676 ne
1224 1645 1329 1676 eam
1355 1630 1545 1676 amittat
1568 1639 1653 1676 aut

306 1709 354 1754 in
385 1724 521 1771 spem
547 1707 652 1771 ejus
681 1705 1003 1770 possidendae
1046 1706 1307 1762 inducitur,
1337 1706 1535 1754 horrore
1569 1717 1653 1754 aut

307 1785 486 1847 laetitia
523 1784 823 1831 afficiamur?
849 1789 862 1806 ²
896 1803 935 1830 ›>.
971 1785 1034 1830 Ea
1076 1800 1252 1847 nempe
1291 1795 1420 1840 sunt,
1450 1784 1507 1831 ad
1548 1798 1651 1832 ver-

305 1862 424 1910 bum
457 1877 688 1925 expressa,
722 1862 771 1907 in
802 1861 983 1924 quibus
1019 1872 1121 1908 tota
1156 1862 1328 1908 nititur
1361 1861 1647 1924 reprobatio.

304 1940 622 2003 Perspicuum
647 1955 761 1985 vero
783 1949 854 1985 est
881 1949 1027 1985 tenue
1053 1955 1104 1985 ac
1132 1938 1297 2002 fragile
1315 1955 1417 1986 esse
1445 1938 1538 1986 tale
1566 1937 1650 1987 tali

306 2017 612 2064 damnationi
639 2016 1042 2063 fundamentum.

369 2095 495 2141 Nam
524 2094 739 2157 primurn
773 2093 935 2157 plures
968 2094 1221 2158 anquirere
1262 2103 1494 2156 poterunt
1528 2109 1653 2140 num

306 2189 330 2219 a
361 2171 633 2219 Chimaena
667 2187 767 2217 non
803 2170 990 2217 alienos
1018 2170 1191 2218 habere
1229 2171 1422 2218 animos
1459 2181 1652 2217 tantum

306 2266 353 2297 re
400 2251 502 2312 ipsa
555 2248 713 2296 scelus
757 2249 831 2295 sit.
883 2248 1036 2301 Quod
1080 2249 1184 2295 sine
1236 2248 1388 2295 dubio
1436 2248 1653 2311 primum

307 2326 653 2374 infitiabuntur
681 2343 688 2372 :
715 2325 835 2386 adeo
866 2325 982 2372 haec
1010 2325 1172 2388 puella
1204 2325 1453 2389 dignitate,
1484 2325 1648 2389 gratia,

306 2404 506 2468 pudore,
540 2404 718 2450 virtute
758 2402 1147 2466 verecundiaque
1181 2403 1396 2449 eminet!
1433 2402 1651 2458 Utinam,

306 2482 430 2529 dicet
459 2482 659 2528 fortasse
694 2479 885 2543 aliquis,
926 2481 1140 2527 scenicae
1172 2479 1396 2527 heroides
1425 2494 1480 2526 ex
1518 2478 1652 2526 illius

292 2559 557 2622 fingantur
593 2568 762 2604 natura
801 2573 1075 2620 omnesque
1118 2559 1319 2604 virtutes
1357 2557 1650 2620 exprimant!

364 2697 396 2723 1.
430 2682 627 2731 Maximes‚
652 2683 720 2722 ΙΙΙ.

362 2756 397 2781 2.
430 2742 626 2789 Maximes,
653 2744 718 2781 IV.
