1930 3294
548 548 1277 648 CONCLUDITUR

285 1019 393 1079 Jam
431 1035 546 1067 vero
584 1021 810 1083 quamvis
845 1037 984 1069 curae
1023 1020 1342 1070 habuerimus
1376 1023 1579 1078 Bossue-

226 1095 385 1144 tianae
446 1092 713 1144 severitatis
766 1099 905 1160 quasi
970 1098 1224 1146 retundere
1286 1116 1577 1148 mucronem

225 1188 521 1237 causamque
544 1174 608 1221 ita
628 1173 883 1222 defendere
906 1175 1168 1238 probarum
1187 1176 1575 1234 comoediarum,

226 1247 608 1314 haudquaquam
649 1267 740 1298 nos
779 1252 1002 1315 praeterit
1044 1263 1091 1300 et
1135 1269 1213 1300 eas
1250 1269 1354 1301 esse
1391 1255 1577 1317 paucis-

225 1326 389 1383 simas,
431 1338 479 1375 et
525 1338 721 1391 poetam
768 1329 947 1392 ipsum,
994 1345 1109 1376 curn
1156 1330 1206 1376 in
1253 1329 1442 1378 lubrico
1480 1331 1577 1379 fere

222 1414 452 1460 versetur,
489 1420 681 1468 semper
713 1406 763 1452 in
797 1405 1059 1453 discrimen
1094 1405 1268 1454 adduci
1301 1423 1361 1454 ne
1386 1407 1574 1456 labatur

223 1480 276 1528 in
299 1481 494 1529 vitium.
518 1482 685 1545 Itaque
710 1493 904 1530 tantum
927 1483 1062 1530 abest
1083 1494 1138 1531 ut
1159 1483 1345 1547 aliquid
1372 1486 1576 1533 oratoris

223 1559 483 1622 praecipuo
515 1570 808 1622 argumento
845 1559 1092 1607 detrahere
1125 1560 1352 1617 velimus,
1382 1572 1436 1608 ut
1465 1578 1578 1609 con-

222 1644 294 1682 tra
322 1636 663 1683 existimemus
698 1635 746 1683 id
776 1653 1073 1701 magnopere
1096 1637 1294 1701 pollere,
1326 1654 1413 1686 nec
1440 1640 1576 1702 quic-

222 1727 373 1775 quam
412 1712 535 1760 effici
580 1729 722 1776 posse
774 1712 954 1761 melius
1007 1730 1157 1777 quam
1209 1731 1401 1779 semper
1450 1715 1574 1764 illud

222 1790 638 1837 commeminisse.
679 1791 924 1838 Praeterea
964 1807 1094 1846 vero,
1142 1808 1257 1839 cum
1298 1808 1573 1855 nunquam,

223 1876 279 1913 ut
314 1867 506 1930 opinor,
547 1865 720 1914 theatri
759 1869 1044 1915 communis
1092 1868 1362 1932 corruptela
1398 1868 1573 1917 clarius

222 1942 431 1991 indicata
467 1945 529 1991 sit
566 1943 892 2007 melioresque
929 1961 1099 1992 causae
1128 1945 1338 1993 redditae
1365 1947 1464 1993 sint
1489 1962 1575 1994 cur

220 2010 379 2083 genus
399 2030 562 2068 totum
588 2019 881 2068 haberemus
902 2033 1203 2085 suspectum,
1226 2038 1418 2086 semper
1433 2039 1574 2086 expe-

221 2095 322 2144 diet
359 2107 414 2144 ut
451 2098 501 2144 in
545 2108 777 2161 promptu
825 2098 1070 2145 Bossuetii
1120 2097 1388 2146 habeamus
1432 2099 1573 2147 firma

220 2185 522 2237 argumenta.
557 2175 685 2221 Nam
724 2191 781 2221 ex
816 2191 874 2222 eo
908 2173 1091 2230 libello,
1125 2175 1262 2223 velut
1288 2191 1345 2223 ex
1371 2177 1571 2239 perenni

220 2249 371 2306 fonte,
419 2250 709 2299 haurientur
758 2251 816 2298 ad
865 2251 1113 2315 agendum
1166 2252 1573 2300 commodissima

219 2342 272 2374 ac
287 2326 571 2375 firmissima
586 2339 849 2392 praecepta,
866 2329 1317 2392 quotienscumque
1332 2328 1564 2377 delicatae

220 2402 560 2452 delectationis
599 2405 930 2452 invitamento
965 2421 1056 2453 nos
1083 2404 1142 2452 ad
1187 2421 1291 2453 sese
1324 2405 1571 2454 theatrum

219 2478 411 2536 alliciet,
446 2480 524 2528 vel
552 2480 731 2528 'solum
772 2497 887 2528 cum
928 2482 1171 2529 incertum
1204 2483 1570 2545 eritquorsum

221 2558 457 2619 pertineat
478 2574 606 2621 opus
641 2568 687 2605 et
712 2574 836 2620 quae
864 2559 963 2605 sint
991 2559 1040 2605 in
1070 2573 1128 2605 eo
1164 2558 1222 2606 ad
1250 2570 1373 2606 recte
1406 2560 1573 2606 viven-

220 2631 343 2681 dum
376 2646 644 2682 momenta.
965 2649 969 2651 ’

286 2710 475 2759 Rursus
501 2722 666 2758 autern
697 2727 797 2758 non
830 2710 1098 2785 credemus,
1135 2727 1194 2759 ne
1230 2712 1337 2775 ipso
1368 2711 1570 2774 quidem
