1930 3294
809 266 884 288 '-
914 269 966 314 45
1004 281 1062 288 —

177 407 202 416 ..
260 367 479 419 Cornelii
501 368 690 417 theatro
715 369 926 432 partium
949 384 1053 416 esse
1077 367 1419 424 secundarum,
1446 384 1606 431 neque

259 445 412 494 modo
469 446 749 494 inferiorem
805 445 972 493 locum
1029 444 1263 500 obtinere,
1322 443 1404 492 sed
1459 445 1603 492 etiam

156 513 171 542 7
194 573 200 579 ,
258 521 510 571 coloribus
533 522 694 572 surdis
721 522 1012 586 plerumque
1033 521 1246 586 depingi.
1274 522 1386 569 Non
1410 533 1605 585 oportet

259 600 395 648 enim
427 600 562 648 frons
604 601 759 663 prima
798 615 889 647 nos
930 598 1149 662 decipiat.
1192 598 1343 652 Quod
1379 599 1418 646 si
1457 606 1605 646 nemo

69 729 75 736 ‚
194 698 224 710 <·
260 677 491 725 omnium
519 688 773 740 poetarum
801 677 885 739 qui
916 687 1024 723 tum
1050 675 1278 723 vivebant
1303 675 1606 739 frequentius

94 763 116 809 ἢ
142 744 146 746 ἡ
212 816 215 817 ⁷
258 753 460 802 fortasse
480 770 698 801 amorem
714 755 763 800 in
780 769 975 800 scenam
1001 752 1193 800 induxit
1223 758 1252 808 ¹,
1275 751 1406 800 haud
1431 768 1603 800 eorum

131 824 165 854 ¹·
199 890 202 892 q
259 831 522 894 quisquam
559 842 723 878 tamen
760 846 814 878 ea
857 841 1021 877 mente
1063 829 1370 877 manifestius
1416 829 1608 877 induxit

258 918 315 955 ut
350 924 569 956 amorem
604 907 829 972 dejiceret
872 906 1079 970 aliisque
1123 917 1171 954 et
1215 905 1512 954 utilitatibus
1555 918 1603 954 et

257 985 456 1050 majoris
492 984 742 1048 dignitatis
769 984 912 1032 rebus
946 983 1087 1047 plane
1119 982 1416 1031 concederet.
1453 983 1607 1031 Habe·

257 1077 371 1110 mus
433 1063 568 1109 enim
624 1061 934 1126 profitentem
991 1072 1185 1124 poetam
1211 1066 1241 1107 ².
1291 1059 1429 1108 Illius
1482 1077 1596 1108 vero

257 1136 419 1202 plures
460 1155 714 1203 ¹*personae
774 1154 913 1186 suam
978 1149 1194 1185 mentem
1260 1138 1374 1185 satis
1405 1175 1408 1178 .
1438 1149 1597 1201 aperte

213 1230 218 1237 ·
254 1214 512 1264 declarant.
546 1217 672 1277 Nam
707 1217 755 1262 in
789 1214 877 1262 hac
913 1214 1158 1282 tragoedia
1195 1215 1311 1278 ipsa,
1347 1213 1430 1262 ubi
1464 1231 1603 1263 amor

257 1293 400 1340 unice
433 1282 705 1347 efflorescit,
735 1293 794 1340 D.
831 1293 1018 1356 Diegus
1045 1308 1216 1339 verum
1250 1292 1603 1340 sanctimoniae

256 1370 542 1418 institutum
575 1370 893 1434 pronuntiat:

345 1481 533 1522 L’amour
549 1481 649 1521 n’est
662 1482 786 1536 qu’un
807 1481 956 1535 plaisir,
979 1479 1196 1519 l'honneur
1211 1488 1270 1518 est
1283 1478 1505 1519 un-devoir.

1225 1551 1277 1596 (v.
1304 1551 1411 1597 1059)

318 1659 487 1714 Quam
520 1659 578 1707 ad
610 1660 812 1707 rationis
846 1674 1071 1706 normam
1104 1658 1245 1704 ceteri
1274 1658 1324 1704 in
1356 1656 1443 1704 illo
1470 1657 1600 1705 thea-
1645 1659 1649 1663 ’

252 1747 328 1784 tro
375 1738 464 1784 viri
515 1753 675 1784 mores
722 1736 942 1800 dirigunt
991 1751 1121 1782 suos.
1173 1735 1300 1781 Nam
1350 1734 1596 1791 Horatius,

253 1813 514 1869 Curiatius,
556 1813 833 1876 Polyeucta,
894 1823 941 1860 et
994 1822 1243 1875 quotquot
1299 1823 1416 1858 sunt
1471 1812 1599 1875 apud

254 1890 543 1939 Cornelium
590 1889 819 1938 homines
864 1889 997 1936 hunc
1039 1888 1268 1935 affectum
1309 1899 1598 1951 sequuntur,

237 1967 549 2031 alteriusque
582 1968 630 2014 in
659 1965 1051 2029 eod'emdtheatro
1076 1980 1309 2029 personae
1333 1964 1448 2012 huic
1471 1976 1600 2013 stant

211 2061 214 2064 ·
252 2044 439 2110 judicio
462 2062 470 2092 :

333 2150 364 2191 Il
385 2164 435 2190 ne
454 2150 537 2190 faut
553 2151 668 2204 point
687 2151 808 2190 serw'r
824 2149 973 2202 d’objet
989 2149 1057 2202 qui
1075 2161 1177 2187 nous
1195 2147 1386 2200 possede3

333 2215 364 2256 11
381 2229 431 2255 ne
449 2215 531 2256 faut
549 2217 662 2270 point
682 2215 837 2255 nourrir
856 2214 1035 2254 d’amour
1055 2213 1123 2267 qui
1144 2225 1194 2251 ne
1218 2225 1318 2252 nous
1338 2212 1449 2252 cede.
1475 2222 1486 2247 3

307 2347 342 2374 1.
374 2334 436 2374 Cf.
470 2336 528 2374 De
568 2334 730 2374 l’Action
767 2334 859 2373 dans
896 2333 930 2373 la
960 2331 1118 2387 trage'dic
1147 2331 1190 2370 de
1219 2330 1364 2371 Racine.
1396 2331 1596 2382 L’amour,

280 2424 289 2432 .
307 2394 396 2442 185.

249 2406 275 2447 p
303 2465 341 2492 2.
375 2470 395 2489 ι
418 2453 641 2510 Iadignitt':
666 2453 736 2506 (de
763 2452 797 2492 la
825 2452 1020 2506 tragedie)
1052 2453 1247 2493 demande
1272 2453 1442 2507 quelque
1473 2452 1596 2506 grand

249 2511 391 2552 interet
414 2512 557 2561 d’Etat,
599 2526 652 2552 ou
684 2511 855 2565 quelque
885 2511 1043 2564 passion
1072 2512 1160 2565 plus
1181 2512 1299 2552 noble
1325 2522 1364 2552 et
1386 2512 1475 2564 plus
1495 2510 1597 2551 male

250 2584 327 2624 que
346 2570 563 2611 l’amour...
583 2588 601 2608 ι)
626 2571 747 2623 (Disc.
773 2572 899 2610 Poeme
927 2570 1128 2624 drumm.)
1145 2571 1207 2611 Cf.
1230 2573 1350 2611 Lettre
1370 2571 1394 2610 ὰ
1417 2572 1460 2610 S.
1480 2572 1595 2610 Evre-

250 2629 360 2669 mcmd
382 2645 390 2669 :
414 2646 435 2667 α
455 2631 528 2680 J'ai
551 2644 619 2670 cru
640 2631 799 2684 jusques
831 2630 880 2669 ici
901 2643 976 2683 que
1014 2630 1186 2670 l’amour
1203 2631 1296 2670 e'tait
1333 2644 1411 2670 une
1435 2631 1593 2684 passion

223 2727 227 2731 ,
250 2697 340 2742 trop
357 2689 524 2743 chargee
542 2689 589 2728 de
611 2689 807 2736 faiblesse‚
825 2698 898 2728 etc.
920 2706 956 2727 ι).

308 2760 343 2798 3.
373 2749 422 2787 V.
446 2749 486 2788 in
503 2748 711 2788 comoedia
731 2747 766 2786 la
792 2746 897 2787 Place
911 2747 1031 2801 royale
1051 2748 1167 2787 verba
1190 2748 1355 2788 Alidori.
