1930 3294
818 247 874 256 —
908 235 934 281 7
967 248 1024 255 —

245 331 419 382 docere
437 332 569 389 velit,
586 349 686 380 non
710 332 908 381 laedere.
930 331 1151 382 Patribus
1174 335 1321 398 igitur
1338 334 1592 382 maledicta

195 402 201 407 ’
249 410 301 458 in
335 409 582 458 theatrum
616 411 854 475 conjicere
887 412 1137 475 permittit,
1176 408 1416 475 illudque,
1455 411 1595 460 vehe-

247 498 438 535 menter
472 486 689 551 quidem,
725 506 748 532 <t
783 489 1043 535 sacrarium
1069 488 1272 536 Veneris
1301 507 1324 533 »
1352 489 1433 550 (ut
1465 488 1595 552 apud

235 562 615 613 *Tertullianum
633 563 952 628 legimus)vel
984 584 1007 609 (ι
1032 565 1232 628 pudoris
1254 565 1437 629 publici
1466 564 1597 629 lupa-

249 641 444 689 narium
466 660 489 686 1>
512 642 782 688 nominare.
810 642 903 690 Res
924 643 1073 698 enim,
1100 658 1199 689 non
1218 642 1362 690 verba
1389 642 1593 690 affectat.

245 716 313 765 At
332 728 496 765 tamen
518 733 619 764 non
653 717 863 765 dubium
899 729 971 766 est
998 719 1118 781 quin
1147 734 1314 766 secum
1342 718 1513 766 eadem
1535 718 1594 766 de

184 796 188 797 ⁷
245 793 436 844 theatro
477 796 657 858 cogitet
701 806 862 858 atque,
913 796 1005 842 nisi
1050 811 1158 843 eam
1203 795 1593 843 moderationem

245 870 497 919 adhiberet
522 887 671 934 quam
695 871 954 935 recipiebat
974 873 1141 920 aetatis
1165 873 1370 920 comitas
1398 872 1596 920 affabili—

238 958 432 1012 ¹tasque,
461 949 564 1012 ipse
591 948 650 995 ab
676 949 951 1012 asperrimis
977 965 1078 996 non
1109 959 1397 1013 temperaret
1419 949 1591 997 verbis.

306 1024 507 1073 Theatri
570 1041 685 1073 vero
764 1025 1014 1073 illecebrae
1096 1042 1155 1073 eo
1221 1027 1594 1090 perniciosiores

242 1101 505 1150 Bossuetio
555 1102 785 1150 videntur
828 1102 979 1166 quod,
1015 1102 1137 1150 dum
1188 1119 1287 1150 una
1330 1104 1379 1150 in
1430 1102 1594 1166 plures

242 1180 526 1243 spectatoris
552 1185 755 1226 sensus¹
783 1191 1057 1243 correpunt,
1086 1191 1251 1227 totum
1286 1181 1451 1227 statim
1487 1181 1594 1228 irre-

168 1299 171 1301 ,
242 1256 392 1304 titum
418 1253 602 1303 tenent]
631 1255 779 1303 Oculi
802 1257 935 1303 enirn
960 1272 1087 1319 quos
1118 1271 1201 1320 per
1220 1273 1270 1304 se
1291 1257 1392 1320 ipse
1420 1257 1593 1304 invitat

242 1343 291 1380 et
342 1332 495 1380 allicit
550 1349 721 1380 scenae
771 1344 1042 1396 apparatus,
1114 1350 1229 1380 mox
1285 1335 1592 1381 scenicorum

241 1410 432 1459 actione
478 1409 619 1474 plane
669 1409 1027 1457 devinciuntur.
1048 1410 1175 1457 Nam
1198 1411 1246 1457 in
1297 1410 1485 1458 theatro
1531 1427 1591 1458 ne

244 1487 514 1534 minimum
553 1486 755 1550 quidem
796 1486 872 1534 vel
917 1498 1113 1551 gestum
1154 1486 1229 1534 vel
1274 1498 1470 1534 motum
1514 1487 1590 1535 vel

176 1619 179 1621 ,
240 1563 410 1612 vultus
480 1564 807 1611 mutationem
880 1580 904 1611 e
976 1575 1242 1627 conspectu
1301 1565 1589 1612 amittimus.

242 1639 386 1695 Quae
430 1657 544 1688 vero
596 1641 645 1687 in
695 1651 1014 1704 conspectum
1053 1640 1239 1696 cadant,
1272 1640 1354 1688 ille
1388 1642 1593 1705 scriptor

186 1718 190 1721 “
241 1717 539 1782 significanti
556 1717 880 1781 descriptione
903 1717 1021 1765 dicit
1042 1735 1050 1764 :
1072 1739 1094 1761 «
1123 1734 1210 1765 nec
1232 1718 1385 1782 rigida
1408 1717 1591 1766 scilicet

243 1793 556 1850 lineamenta,
580 1811 667 1842 nec
694 1794 1029 1842 decoloratum
1058 1794 1288 1851 cadaver;
1314 1796 1590 1842 animantes

241 1882 408 1919 autem
433 1888 486 1918 ac
508 1873 606 1918 vivi
640 1870 823 1927 vultus,
860 1873 1059 1934 verique
1092 1871 1224 1919 oculi
1258 1860 1334 1919 rel
1368 1871 1590 1920 ardentes

241 1948 319 1996 vel
367 1947 674 1995 blandientes
719 1959 765 1995 et
806 1947 1010 1995 libidine
1050 1947 1236 2004 soluti;
1265 1949 1363 2013 jam
1396 1965 1510 1996 vero
1538 1949 1586 1996 in

241 2025 487 2073 actoribus
508 2024 732 2072 lacrimae
752 2041 903 2081 verae,
929 2041 1053 2087 quae
1080 2024 1281 2088 quidem
1304 2027 1354 2072 in
1376 2036 1591 2089 spectan-

241 2101 375 2152 tibus
400 2118 500 2149 non
545 2102 712 2149 minus
738 2118 872 2149 veras
908 2102 1143 2158 excitant3
1174 2101 1232 2149 ad
1266 2118 1514 2149 summam
1555 2103 1587 2149 ii

240 2179 340 2226 veri
375 2190 542 2226 motus
591 2179 774 2242 quibus
812 2189 859 2226 et
897 2177 1142 2226 orchestra
1175 2190 1223 2226 et
1271 2178 1348 2226 vel
1397 2178 1589 2243 longin-

242 2256 471 2319 quissimi
508 2254 685 2319 gradus
724 2254 1055 2319 conflagrent²
1088 2274 1128 2302 ».
1159 2255 1237 2303 Sic
1270 2271 1296 2302 a
1321 2256 1587 2303 Bossuetio

298 2385 333 2412 1.
366 2389 386 2410 <x
413 2373 487 2412 Les
509 2374 598 2426 cinq
618 2386 707 2412 sens
726 2382 818 2412 sont
837 2373 927 2426 cinq
946 2382 1177 2412 ouvertures
1197 2386 1266 2427 par
1288 2373 1342 2412 οὺ
1360 2373 1418 2426 (la
1436 2386 1587 2413 concu-

241 2432 446 2487 piscence)
470 2432 596 2485 prend
631 2445 702 2471 son
727 2445 845 2471 cours
872 2445 937 2470 sur
959 2444 1020 2471 ses
1044 2431 1170 2484 objets
1194 2441 1232 2471 et
1260 2445 1329 2485 par
1351 2433 1404 2471 οὺ
1424 2432 1499 2471 elle
1536 2445 1584 2471 en

240 2492 364 2540 recoit
383 2491 440 2530 les
463 2491 718 2544 impressions
725 2521 803 2529 .....
840 2491 893 2529 Le
920 2490 1112 2543 spectacle
1149 2491 1255 2530 saisit
1284 2490 1339 2530 les
1370 2504 1492 2543 yeux;
1530 2491 1586 2530 les

240 2550 400 2590 tendres
418 2550 612 2598 discours,
626 2549 681 2588 les
701 2550 838 2589 chants
859 2549 1089 2602 passionnes
1110 2550 1314 2602 pe'netrent
1335 2549 1371 2588 le
1386 2563 1498 2589 coeur
1517 2563 1586 2604 par

242 2609 298 2649 les
317 2608 560 2648 oreilles.....
582 2625 602 2646 n
621 2608 815 2654 Maximes,
836 2609 944 2647 VIII.

297 2679 336 2708 2.
364 2667 565 2717 Maximes,
586 2668 654 2708 IV.
