<?xml version="1.0" encoding="UTF-8"?>
<!DOCTYPE html PUBLIC "-//W3C//DTD XHTML 1.0 Transitional//EN"
    "http://www.w3.org/TR/xhtml1/DTD/xhtml1-transitional.dtd">
<html xmlns="http://www.w3.org/1999/xhtml" xml:lang="en" lang="en">
 <head>
  <title>
</title>
<meta http-equiv="Content-Type" content="text/html;charset=utf-8" />
  <meta name='ocr-system' content='tesseract 3.04.00' />
  <meta name='ocr-capabilities' content='ocr_page ocr_carea ocr_par ocr_line ocrx_word'/>
</head>
<body>
  <div class='ocr_page' id='page_1' title='image "./decomoediaetdeno00lebiuoft_0083.png"; bbox 0 0 1930 3294; ppageno 0'>
   <div class='ocr_carea' id='block_1_1' title="bbox 356 208 1050 287">
    <p class='ocr_par' dir='ltr' id='par_1_1' title="bbox 356 208 1050 287">
     <span class='ocr_line' id='line_1_1' title="bbox 356 208 1050 287; baseline -0.004 -23"><span class='ocrx_word' id='word_1_1' title='bbox 356 240 543 281; x_wconf 44' lang='lat'>&gt;-‘“‘&#39;&#39;†‘</span> <span class='ocrx_word' id='word_1_2' title='bbox 581 240 606 275; x_wconf 53' lang='grc' dir='ltr'>ᾖ</span> <span class='ocrx_word' id='word_1_3' title='bbox 746 208 763 210; x_wconf 32' lang='lat' dir='ltr'><em>V</em></span> <span class='ocrx_word' id='word_1_4' title='bbox 814 254 872 261; x_wconf 81' lang='grc'><strong>-</strong></span> <span class='ocrx_word' id='word_1_5' title='bbox 904 242 957 287; x_wconf 80' lang='lat'>73</span> <span class='ocrx_word' id='word_1_6' title='bbox 992 253 1050 261; x_wconf 81' lang='grc'>-</span> 
     </span>
    </p>
   </div>
   <div class='ocr_carea' id='block_1_2' title="bbox 41 333 1597 465">
    <p class='ocr_par' dir='ltr' id='par_1_2' title="bbox 41 310 1597 465">
     <span class='ocr_line' id='line_1_2' title="bbox 111 333 1597 396; baseline -0.001 -14"><span class='ocrx_word' id='word_1_7' title='bbox 111 334 132 374; x_wconf 81' lang='lat'>-&#39;</span> <span class='ocrx_word' id='word_1_8' title='bbox 252 334 395 383; x_wconf 86' lang='lat' dir='ltr'>tudo!</span> <span class='ocrx_word' id='word_1_9' title='bbox 417 334 567 387; x_wconf 89' lang='lat' dir='ltr'>Quod</span> <span class='ocrx_word' id='word_1_10' title='bbox 592 334 749 381; x_wconf 81' lang='lat' dir='ltr'>Divus</span> <span class='ocrx_word' id='word_1_11' title='bbox 775 334 956 382; x_wconf 86' lang='lat' dir='ltr'>Paulus</span> <span class='ocrx_word' id='word_1_12' title='bbox 978 335 1026 381; x_wconf 90' lang='lat' dir='ltr'>in</span> <span class='ocrx_word' id='word_1_13' title='bbox 1042 334 1174 380; x_wconf 88' lang='lat' dir='ltr'>vitiis</span> <span class='ocrx_word' id='word_1_14' title='bbox 1196 333 1494 389; x_wconf 82' lang='lat' dir='ltr'>numerabat,</span> <span class='ocrx_word' id='word_1_15' title='bbox 1510 349 1597 396; x_wconf 90' lang='lat' dir='ltr'>pro</span> 
     </span>
     <span class='ocr_line' id='line_1_3' title="bbox 41 405 925 465; baseline -0.002 0"><span class='ocrx_word' id='word_1_16' title='bbox 41 435 48 447; x_wconf 93' lang='lat'>·</span> <span class='ocrx_word' id='word_1_17' title='bbox 97 405 103 411; x_wconf 44' lang='lat'>⁵</span> <span class='ocrx_word' id='word_1_18' title='bbox 172 424 179 430; x_wconf 78' lang='grc'><strong>“</strong></span> <span class='ocrx_word' id='word_1_19' title='bbox 251 413 429 465; x_wconf 67' lang='lat' dir='ltr'>virtute</span> <span class='ocrx_word' id='word_1_20' title='bbox 447 417 506 464; x_wconf 91' lang='lat' dir='ltr'>D.</span> <span class='ocrx_word' id='word_1_21' title='bbox 521 416 742 464; x_wconf 89' lang='lat' dir='ltr'>Thomas</span> <span class='ocrx_word' id='word_1_22' title='bbox 768 415 925 464; x_wconf 89' lang='lat' dir='ltr'>habet.</span> 
     </span>
    </p>
   </div>
   <div class='ocr_carea' id='block_1_3' title="bbox 250 493 1597 637">
    <p class='ocr_par' dir='ltr' id='par_1_3' title="bbox 250 493 1597 637">
     <span class='ocr_line' id='line_1_4' title="bbox 308 493 1592 557; baseline -0.002 -15"><span class='ocrx_word' id='word_1_23' title='bbox 308 494 427 542; x_wconf 79' lang='lat' dir='ltr'>Non</span> <span class='ocrx_word' id='word_1_24' title='bbox 452 510 553 557; x_wconf 94' lang='lat' dir='ltr'>quo</span> <span class='ocrx_word' id='word_1_25' title='bbox 580 510 694 541; x_wconf 89' lang='lat' dir='ltr'>sane</span> <span class='ocrx_word' id='word_1_26' title='bbox 719 493 851 540; x_wconf 92' lang='lat' dir='ltr'>hunc</span> <span class='ocrx_word' id='word_1_27' title='bbox 872 493 1122 541; x_wconf 89' lang='lat' dir='ltr'>doctorem</span> <span class='ocrx_word' id='word_1_28' title='bbox 1151 504 1410 557; x_wconf 88' lang='lat' dir='ltr'>praetereat</span> <span class='ocrx_word' id='word_1_29' title='bbox 1431 493 1592 540; x_wconf 88' lang='lat' dir='ltr'>Patres</span> 
     </span>
     <span class='ocr_line' id='line_1_5' title="bbox 250 569 1597 637; baseline -0.001 -19"><span class='ocrx_word' id='word_1_30' title='bbox 250 570 418 637; x_wconf 88' lang='lat' dir='ltr'>jocum</span> <span class='ocrx_word' id='word_1_31' title='bbox 452 570 767 618; x_wconf 89' lang='lat' dir='ltr'>vehementer</span> <span class='ocrx_word' id='word_1_32' title='bbox 800 569 1179 634; x_wconf 75' lang='lat' dir='ltr'>reprehendisse,</span> <span class='ocrx_word' id='word_1_33' title='bbox 1214 571 1397 633; x_wconf 89' lang='lat' dir='ltr'>quippe</span> <span class='ocrx_word' id='word_1_34' title='bbox 1428 571 1514 632; x_wconf 92' lang='lat' dir='ltr'>qui</span> <span class='ocrx_word' id='word_1_35' title='bbox 1541 585 1597 616; x_wconf 92' lang='lat' dir='ltr'>ex</span> 
     </span>
    </p>
   </div>
   <div class='ocr_carea' id='block_1_4' title="bbox 145 631 1594 711">
    <p class='ocr_par' dir='ltr' id='par_1_4' title="bbox 145 631 1594 711">
     <span class='ocr_line' id='line_1_6' title="bbox 145 631 1594 711; baseline -0.002 -15"><span class='ocrx_word' id='word_1_36' title='bbox 145 631 157 643; x_wconf 57' lang='lat'>&#39;</span> <span class='ocrx_word' id='word_1_37' title='bbox 200 684 205 686; x_wconf 88' lang='lat'><em>-</em></span> <span class='ocrx_word' id='word_1_38' title='bbox 250 647 314 699; x_wconf 83' lang='lat' dir='ltr'>iis</span> <span class='ocrx_word' id='word_1_39' title='bbox 341 647 561 695; x_wconf 87' lang='lat' dir='ltr'>Patribus</span> <span class='ocrx_word' id='word_1_40' title='bbox 597 658 883 711; x_wconf 88' lang='lat' dir='ltr'>argumenta</span> <span class='ocrx_word' id='word_1_41' title='bbox 926 648 1001 694; x_wconf 87' lang='lat' dir='ltr'>sin</span> <span class='ocrx_word' id='word_1_42' title='bbox 1037 648 1205 694; x_wconf 91' lang='lat' dir='ltr'>minus</span> <span class='ocrx_word' id='word_1_43' title='bbox 1247 646 1594 710; x_wconf 89' lang='lat' dir='ltr'>redarguenda,</span> 
     </span>
    </p>
   </div>
   <div class='ocr_carea' id='block_1_5' title="bbox 249 723 1594 788">
    <p class='ocr_par' dir='ltr' id='par_1_5' title="bbox 249 723 1594 788">
     <span class='ocr_line' id='line_1_7' title="bbox 249 723 1594 788; baseline -0.001 -16"><span class='ocrx_word' id='word_1_44' title='bbox 249 735 298 772; x_wconf 91' lang='lat' dir='ltr'>at</span> <span class='ocrx_word' id='word_1_45' title='bbox 340 735 464 772; x_wconf 89' lang='lat' dir='ltr'>certe</span> <span class='ocrx_word' id='word_1_46' title='bbox 501 723 797 788; x_wconf 87' lang='lat' dir='ltr'>explicanda,</span> <span class='ocrx_word' id='word_1_47' title='bbox 838 740 894 771; x_wconf 90' lang='lat' dir='ltr'>ex</span> <span class='ocrx_word' id='word_1_48' title='bbox 935 723 1164 771; x_wconf 90' lang='lat' dir='ltr'>consulto</span> <span class='ocrx_word' id='word_1_49' title='bbox 1206 735 1425 771; x_wconf 87' lang='lat' dir='ltr'>arcessat.</span> <span class='ocrx_word' id='word_1_50' title='bbox 1467 724 1594 770; x_wconf 89' lang='lat' dir='ltr'>Nam</span> 
     </span>
    </p>
   </div>
   <div class='ocr_carea' id='block_1_6' title="bbox 90 800 1594 943">
    <p class='ocr_par' dir='ltr' id='par_1_6' title="bbox 90 800 1594 943">
     <span class='ocr_line' id='line_1_8' title="bbox 103 800 1594 865; baseline -0.001 -16"><span class='ocrx_word' id='word_1_51' title='bbox 103 803 132 828; x_wconf 72' lang='grc'>’·</span> <span class='ocrx_word' id='word_1_52' title='bbox 167 842 175 846; x_wconf 89' lang='grc'><strong><em>.</em></strong></span> <span class='ocrx_word' id='word_1_53' title='bbox 249 801 383 865; x_wconf 92' lang='lat' dir='ltr'>quod</span> <span class='ocrx_word' id='word_1_54' title='bbox 419 800 601 849; x_wconf 80' lang='lat' dir='ltr'><strong>dixerat</strong></span> <span class='ocrx_word' id='word_1_55' title='bbox 637 801 682 849; x_wconf 91' lang='lat' dir='ltr'>S.</span> <span class='ocrx_word' id='word_1_56' title='bbox 720 801 1041 848; x_wconf 90' lang='lat' dir='ltr'>Ambrosius:</span> <span class='ocrx_word' id='word_1_57' title='bbox 1084 820 1106 846; x_wconf 75' lang='grc' dir='ltr'>ε(</span> <span class='ocrx_word' id='word_1_58' title='bbox 1143 817 1244 848; x_wconf 92' lang='lat' dir='ltr'>non</span> <span class='ocrx_word' id='word_1_59' title='bbox 1279 800 1445 848; x_wconf 92' lang='lat' dir='ltr'>solum</span> <span class='ocrx_word' id='word_1_60' title='bbox 1480 817 1594 864; x_wconf 89' lang='lat' dir='ltr'>ergo</span> 
     </span>
     <span class='ocr_line' id='line_1_9' title="bbox 90 877 1594 943; baseline -0.001 -17"><span class='ocrx_word' id='word_1_61' title='bbox 90 926 101 935; x_wconf 68' lang='grc'><strong>,</strong></span> <span class='ocrx_word' id='word_1_62' title='bbox 152 885 194 926; x_wconf 73' lang='grc'>’.</span> <span class='ocrx_word' id='word_1_63' title='bbox 249 877 493 943; x_wconf 84' lang='lat' dir='ltr'>profusos,</span> <span class='ocrx_word' id='word_1_64' title='bbox 540 877 623 926; x_wconf 90' lang='lat' dir='ltr'>sed</span> <span class='ocrx_word' id='word_1_65' title='bbox 672 879 818 925; x_wconf 85' lang='lat' dir='ltr'>etiam</span> <span class='ocrx_word' id='word_1_66' title='bbox 867 894 1042 926; x_wconf 89' lang='lat' dir='ltr'>omnes</span> <span class='ocrx_word' id='word_1_67' title='bbox 1090 878 1226 942; x_wconf 86' lang='lat' dir='ltr'>jocos</span> <span class='ocrx_word' id='word_1_68' title='bbox 1276 877 1594 925; x_wconf 90' lang='lat' dir='ltr'>declinandos</span> 
     </span>
    </p>
   </div>
   <div class='ocr_carea' id='block_1_7' title="bbox 187 954 1595 1164">
    <p class='ocr_par' dir='ltr' id='par_1_7' title="bbox 187 954 1595 1164">
     <span class='ocr_line' id='line_1_10' title="bbox 187 954 1595 1018; baseline -0.001 -15"><span class='ocrx_word' id='word_1_69' title='bbox 187 971 190 975; x_wconf 91' lang='grc'><em>·</em></span> <span class='ocrx_word' id='word_1_70' title='bbox 238 954 452 1003; x_wconf 79' lang='lat' dir='ltr'>arbitror</span> <span class='ocrx_word' id='word_1_71' title='bbox 473 974 514 1010; x_wconf 79' lang='grc'>»,</span> <span class='ocrx_word' id='word_1_72' title='bbox 538 956 602 1002; x_wconf 87' lang='lat' dir='ltr'>ita</span> <span class='ocrx_word' id='word_1_73' title='bbox 627 955 671 1003; x_wconf 90' lang='lat' dir='ltr'>S.</span> <span class='ocrx_word' id='word_1_74' title='bbox 691 954 912 1002; x_wconf 87' lang='lat' dir='ltr'>Thomas</span> <span class='ocrx_word' id='word_1_75' title='bbox 938 956 1277 1018; x_wconf 84' lang='lat' dir='ltr'>interpretatur</span> <span class='ocrx_word' id='word_1_76' title='bbox 1299 972 1307 1001; x_wconf 92' lang='lat'>:</span> <span class='ocrx_word' id='word_1_77' title='bbox 1341 974 1363 999; x_wconf 88' lang='lat'>«</span> <span class='ocrx_word' id='word_1_78' title='bbox 1390 954 1595 1002; x_wconf 87' lang='lat' dir='ltr'>Ambro-</span> 
     </span>
     <span class='ocr_line' id='line_1_11' title="bbox 247 1031 1595 1096; baseline -0.001 -16"><span class='ocrx_word' id='word_1_79' title='bbox 247 1032 352 1080; x_wconf 90' lang='lat' dir='ltr'>sius</span> <span class='ocrx_word' id='word_1_80' title='bbox 384 1048 486 1080; x_wconf 93' lang='lat' dir='ltr'>non</span> <span class='ocrx_word' id='word_1_81' title='bbox 519 1031 731 1079; x_wconf 89' lang='lat' dir='ltr'>exc&#39;ludit</span> <span class='ocrx_word' id='word_1_82' title='bbox 763 1031 1100 1079; x_wconf 88' lang='lat' dir='ltr'>universaliter</span> <span class='ocrx_word' id='word_1_83' title='bbox 1135 1033 1300 1096; x_wconf 89' lang='lat' dir='ltr'>jocum</span> <span class='ocrx_word' id='word_1_84' title='bbox 1337 1049 1362 1079; x_wconf 89' lang='lat' dir='ltr'>a</span> <span class='ocrx_word' id='word_1_85' title='bbox 1401 1047 1595 1079; x_wconf 86' lang='lat' dir='ltr'>conver-</span> 
     </span>
     <span class='ocr_line' id='line_1_12' title="bbox 247 1105 1593 1164; baseline 0 -8"><span class='ocrx_word' id='word_1_86' title='bbox 247 1109 435 1157; x_wconf 87' lang='lat' dir='ltr'>satione</span> <span class='ocrx_word' id='word_1_87' title='bbox 462 1108 695 1164; x_wconf 86' lang='lat' dir='ltr'>humana,</span> <span class='ocrx_word' id='word_1_88' title='bbox 729 1105 810 1156; x_wconf 86' lang='lat' dir='ltr'>sed</span> <span class='ocrx_word' id='word_1_89' title='bbox 847 1125 872 1156; x_wconf 89' lang='lat' dir='ltr'>a</span> <span class='ocrx_word' id='word_1_90' title='bbox 902 1108 1121 1156; x_wconf 86' lang='lat' dir='ltr'>doctrina</span> <span class='ocrx_word' id='word_1_91' title='bbox 1148 1116 1349 1156; x_wconf 89' lang='lat' dir='ltr'>sacra¹...</span> <span class='ocrx_word' id='word_1_92' title='bbox 1386 1127 1408 1152; x_wconf 87' lang='lat'>»</span> <span class='ocrx_word' id='word_1_93' title='bbox 1441 1108 1593 1163; x_wconf 88' lang='lat' dir='ltr'>Quod</span> 
     </span>
    </p>
   </div>
   <div class='ocr_carea' id='block_1_8' title="bbox 245 1185 1594 1252">
    <p class='ocr_par' dir='ltr' id='par_1_8' title="bbox 134 1169 1594 1252">
     <span class='ocr_line' id='line_1_13' title="bbox 245 1185 1594 1252; baseline 0.001 -19.924"><span class='ocrx_word' id='word_1_94' title='bbox 245 1201 363 1233; x_wconf 86' lang='lat' dir='ltr'>vero</span> <span class='ocrx_word' id='word_1_95' title='bbox 394 1185 575 1252; x_wconf 85' lang='lat' dir='ltr'>dixerat</span> <span class='ocrx_word' id='word_1_96' title='bbox 605 1186 649 1233; x_wconf 89' lang='lat' dir='ltr'>S.</span> <span class='ocrx_word' id='word_1_97' title='bbox 682 1185 1099 1248; x_wconf 90' lang='lat' dir='ltr'>Chrysostomus:</span> <span class='ocrx_word' id='word_1_98' title='bbox 1142 1206 1164 1230; x_wconf 85' lang='lat'>«</span> <span class='ocrx_word' id='word_1_99' title='bbox 1203 1186 1317 1233; x_wconf 85' lang='lat' dir='ltr'>Non</span> <span class='ocrx_word' id='word_1_100' title='bbox 1351 1185 1432 1233; x_wconf 87' lang='lat' dir='ltr'>dat</span> <span class='ocrx_word' id='word_1_101' title='bbox 1459 1186 1594 1233; x_wconf 89' lang='lat' dir='ltr'>Deus</span> 
     </span>
    </p>
   </div>
   <div class='ocr_carea' id='block_1_9' title="bbox 0 0 103 3294">
    <p class='ocr_par' dir='ltr' id='par_1_9' title="bbox 0 0 103 3294">
     <span class='ocr_line' id='line_1_14' title="bbox 0 0 103 3294; baseline 0 0"><span class='ocrx_word' id='word_1_102' title='bbox 0 0 103 3294; x_wconf 95' lang='lat' dir='ltr'> </span> 
     </span>
    </p>
   </div>
   <div class='ocr_carea' id='block_1_10' title="bbox 244 1261 1592 1864">
    <p class='ocr_par' dir='ltr' id='par_1_10' title="bbox 244 1261 1592 1864">
     <span class='ocr_line' id='line_1_15' title="bbox 247 1261 1592 1326; baseline 0 -16"><span class='ocrx_word' id='word_1_103' title='bbox 247 1261 427 1318; x_wconf 90' lang='lat' dir='ltr'>ludere,</span> <span class='ocrx_word' id='word_1_104' title='bbox 462 1262 544 1310; x_wconf 89' lang='lat' dir='ltr'>sed</span> <span class='ocrx_word' id='word_1_105' title='bbox 572 1262 845 1310; x_wconf 89' lang='lat' dir='ltr'>diabolus...</span> <span class='ocrx_word' id='word_1_106' title='bbox 881 1281 922 1317; x_wconf 69' lang='lat' dir='ltr'>n,</span> <span class='ocrx_word' id='word_1_107' title='bbox 957 1264 1023 1310; x_wconf 90' lang='lat' dir='ltr'>sic</span> <span class='ocrx_word' id='word_1_108' title='bbox 1057 1262 1286 1326; x_wconf 87' lang='lat' dir='ltr'>explicat:</span> <span class='ocrx_word' id='word_1_109' title='bbox 1324 1282 1347 1308; x_wconf 70' lang='grc' dir='ltr'>(ι</span> <span class='ocrx_word' id='word_1_110' title='bbox 1374 1262 1592 1310; x_wconf 90' lang='lat' dir='ltr'>Verbum</span> 
     </span>
     <span class='ocr_line' id='line_1_16' title="bbox 246 1337 1592 1403; baseline 0.001 -17"><span class='ocrx_word' id='word_1_111' title='bbox 246 1337 369 1387; x_wconf 87' lang='lat' dir='ltr'>illud</span> <span class='ocrx_word' id='word_1_112' title='bbox 405 1338 748 1402; x_wconf 90' lang='lat' dir='ltr'>Chrysostomi</span> <span class='ocrx_word' id='word_1_113' title='bbox 777 1351 848 1387; x_wconf 88' lang='lat' dir='ltr'>est</span> <span class='ocrx_word' id='word_1_114' title='bbox 883 1339 1262 1403; x_wconf 86' lang='lat' dir='ltr'>intelligendum</span> <span class='ocrx_word' id='word_1_115' title='bbox 1294 1339 1352 1387; x_wconf 94' lang='lat' dir='ltr'>de</span> <span class='ocrx_word' id='word_1_116' title='bbox 1382 1339 1479 1387; x_wconf 91' lang='lat' dir='ltr'>illis</span> <span class='ocrx_word' id='word_1_117' title='bbox 1506 1341 1592 1403; x_wconf 95' lang='lat' dir='ltr'>qui</span> 
     </span>
     <span class='ocr_line' id='line_1_17' title="bbox 246 1416 1591 1480; baseline 0.001 -17"><span class='ocrx_word' id='word_1_118' title='bbox 246 1416 521 1464; x_wconf 90' lang='lat' dir='ltr'>inordinate</span> <span class='ocrx_word' id='word_1_119' title='bbox 550 1416 679 1464; x_wconf 91' lang='lat' dir='ltr'>ludis</span> <span class='ocrx_word' id='word_1_120' title='bbox 710 1427 932 1471; x_wconf 91' lang='lat' dir='ltr'>utuntur,</span> <span class='ocrx_word' id='word_1_121' title='bbox 955 1428 1003 1464; x_wconf 91' lang='lat' dir='ltr'>et</span> <span class='ocrx_word' id='word_1_122' title='bbox 1025 1418 1279 1480; x_wconf 84' lang='lat' dir='ltr'>praecipue</span> <span class='ocrx_word' id='word_1_123' title='bbox 1304 1433 1475 1464; x_wconf 91' lang='lat' dir='ltr'>eorum</span> <span class='ocrx_word' id='word_1_124' title='bbox 1505 1418 1591 1480; x_wconf 92' lang='lat' dir='ltr'>qui</span> 
     </span>
     <span class='ocr_line' id='line_1_18' title="bbox 245 1481 1588 1559; baseline -0.001 -19"><span class='ocrx_word' id='word_1_125' title='bbox 245 1492 410 1559; x_wconf 87' lang='lat' dir='ltr'>finem</span> <span class='ocrx_word' id='word_1_126' title='bbox 455 1494 504 1540; x_wconf 93' lang='lat' dir='ltr'>in</span> <span class='ocrx_word' id='word_1_127' title='bbox 561 1481 883 1541; x_wconf 84' lang='lat' dir='ltr'>delectatione</span> <span class='ocrx_word' id='word_1_128' title='bbox 944 1493 1047 1540; x_wconf 94' lang='lat' dir='ltr'>ludi</span> <span class='ocrx_word' id='word_1_129' title='bbox 1106 1495 1417 1541; x_wconf 88' lang='lat' dir='ltr'>constituunt</span> <span class='ocrx_word' id='word_1_130' title='bbox 1439 1499 1502 1540; x_wconf 89' lang='lat'><strong>²...</strong></span> <span class='ocrx_word' id='word_1_131' title='bbox 1565 1513 1588 1538; x_wconf 89' lang='lat'>»</span> 
     </span>
     <span class='ocr_line' id='line_1_19' title="bbox 244 1564 1590 1634; baseline 0 -16"><span class='ocrx_word' id='word_1_132' title='bbox 244 1569 402 1618; x_wconf 90' lang='lat' dir='ltr'>Facile</span> <span class='ocrx_word' id='word_1_133' title='bbox 448 1571 597 1634; x_wconf 90' lang='lat' dir='ltr'>igitur</span> <span class='ocrx_word' id='word_1_134' title='bbox 637 1572 879 1618; x_wconf 89' lang='lat' dir='ltr'>aestimari</span> <span class='ocrx_word' id='word_1_135' title='bbox 923 1582 1082 1634; x_wconf 89' lang='lat' dir='ltr'>potest</span> <span class='ocrx_word' id='word_1_136' title='bbox 1117 1564 1302 1618; x_wconf 82' lang='lat' dir='ltr'>Div&#39;um</span> <span class='ocrx_word' id='word_1_137' title='bbox 1341 1570 1590 1618; x_wconf 90' lang='lat' dir='ltr'>Thomam</span> 
     </span>
     <span class='ocr_line' id='line_1_20' title="bbox 245 1647 1591 1711; baseline -0.001 -16"><span class='ocrx_word' id='word_1_138' title='bbox 245 1648 415 1696; x_wconf 90' lang='lat' dir='ltr'>omnia</span> <span class='ocrx_word' id='word_1_139' title='bbox 440 1647 723 1711; x_wconf 88' lang='lat' dir='ltr'>providisse,</span> <span class='ocrx_word' id='word_1_140' title='bbox 754 1664 840 1694; x_wconf 89' lang='lat' dir='ltr'>nec</span> <span class='ocrx_word' id='word_1_141' title='bbox 873 1649 1139 1711; x_wconf 91' lang='lat' dir='ltr'>quicquam</span> <span class='ocrx_word' id='word_1_142' title='bbox 1169 1664 1269 1695; x_wconf 93' lang='lat' dir='ltr'>non</span> <span class='ocrx_word' id='word_1_143' title='bbox 1298 1647 1591 1711; x_wconf 87' lang='lat' dir='ltr'>explicatum</span> 
     </span>
     <span class='ocr_line' id='line_1_21' title="bbox 245 1722 1592 1787; baseline 0.001 -16"><span class='ocrx_word' id='word_1_144' title='bbox 245 1722 512 1787; x_wconf 89' lang='lat' dir='ltr'>reliquisse.</span> <span class='ocrx_word' id='word_1_145' title='bbox 540 1723 679 1771; x_wconf 91' lang='lat' dir='ltr'>Adeo</span> <span class='ocrx_word' id='word_1_146' title='bbox 710 1723 780 1771; x_wconf 94' lang='lat' dir='ltr'>illi</span> <span class='ocrx_word' id='word_1_147' title='bbox 811 1724 944 1771; x_wconf 90' lang='lat' dir='ltr'>cordi</span> <span class='ocrx_word' id='word_1_148' title='bbox 972 1735 1070 1771; x_wconf 90' lang='lat' dir='ltr'>erat</span> <span class='ocrx_word' id='word_1_149' title='bbox 1100 1724 1233 1787; x_wconf 93' lang='lat' dir='ltr'>quod</span> <span class='ocrx_word' id='word_1_150' title='bbox 1265 1741 1436 1772; x_wconf 76' lang='lat' dir='ltr'>verum</span> <span class='ocrx_word' id='word_1_151' title='bbox 1463 1724 1592 1772; x_wconf 88' lang='lat' dir='ltr'>vide-</span> 
     </span>
     <span class='ocr_line' id='line_1_22' title="bbox 245 1799 968 1864; baseline 0 -16"><span class='ocrx_word' id='word_1_152' title='bbox 245 1799 386 1848; x_wconf 84' lang='lat' dir='ltr'>batur</span> <span class='ocrx_word' id='word_1_153' title='bbox 411 1802 551 1848; x_wconf 90' lang='lat' dir='ltr'>omni</span> <span class='ocrx_word' id='word_1_154' title='bbox 579 1817 671 1864; x_wconf 90' lang='lat' dir='ltr'>ope</span> <span class='ocrx_word' id='word_1_155' title='bbox 698 1800 968 1848; x_wconf 87' lang='lat' dir='ltr'>defendere.</span> 
     </span>
    </p>
   </div>
   <div class='ocr_carea' id='block_1_11' title="bbox 243 1942 1591 2544">
    <p class='ocr_par' dir='ltr' id='par_1_11' title="bbox 243 1942 1591 2544">
     <span class='ocr_line' id='line_1_23' title="bbox 308 1942 1591 2007; baseline 0.002 -18"><span class='ocrx_word' id='word_1_156' title='bbox 308 1942 610 2006; x_wconf 71' lang='lat' dir='ltr'>Quanquam</span> <span class='ocrx_word' id='word_1_157' title='bbox 653 1943 758 1989; x_wconf 90' lang='lat' dir='ltr'>sine</span> <span class='ocrx_word' id='word_1_158' title='bbox 798 1942 951 1990; x_wconf 91' lang='lat' dir='ltr'>dubio</span> <span class='ocrx_word' id='word_1_159' title='bbox 991 1959 1091 1990; x_wconf 92' lang='lat' dir='ltr'>non</span> <span class='ocrx_word' id='word_1_160' title='bbox 1136 1943 1287 2007; x_wconf 89' lang='lat' dir='ltr'>hujus</span> <span class='ocrx_word' id='word_1_161' title='bbox 1325 1945 1484 2007; x_wconf 87' lang='lat' dir='ltr'>operis</span> <span class='ocrx_word' id='word_1_162' title='bbox 1520 1952 1591 1991; x_wconf 87' lang='lat' dir='ltr'>est</span> 
     </span>
     <span class='ocr_line' id='line_1_24' title="bbox 246 2019 1588 2076; baseline 0.001 -10"><span class='ocrx_word' id='word_1_163' title='bbox 246 2030 408 2066; x_wconf 88' lang='lat' dir='ltr'>tantae</span> <span class='ocrx_word' id='word_1_164' title='bbox 455 2019 877 2067; x_wconf 88' lang='lat' dir='ltr'>dissimilitudinis</span> <span class='ocrx_word' id='word_1_165' title='bbox 929 2019 1122 2067; x_wconf 89' lang='lat' dir='ltr'>reddere</span> <span class='ocrx_word' id='word_1_166' title='bbox 1178 2021 1432 2076; x_wconf 88' lang='lat' dir='ltr'>rationem,</span> <span class='ocrx_word' id='word_1_167' title='bbox 1486 2037 1588 2068; x_wconf 92' lang='lat' dir='ltr'>non</span> 
     </span>
     <span class='ocr_line' id='line_1_25' title="bbox 249 2096 1590 2161; baseline 0.001 -18"><span class='ocrx_word' id='word_1_168' title='bbox 249 2112 342 2144; x_wconf 91' lang='lat' dir='ltr'>nos</span> <span class='ocrx_word' id='word_1_169' title='bbox 377 2107 539 2144; x_wconf 90' lang='lat' dir='ltr'>tamen</span> <span class='ocrx_word' id='word_1_170' title='bbox 571 2107 798 2144; x_wconf 89' lang='lat' dir='ltr'>tenemus</span> <span class='ocrx_word' id='word_1_171' title='bbox 831 2098 951 2159; x_wconf 91' lang='lat' dir='ltr'>quin</span> <span class='ocrx_word' id='word_1_172' title='bbox 997 2096 1055 2144; x_wconf 93' lang='lat' dir='ltr'>de</span> <span class='ocrx_word' id='word_1_173' title='bbox 1087 2108 1185 2143; x_wconf 90' lang='lat' dir='ltr'>tam</span> <span class='ocrx_word' id='word_1_174' title='bbox 1223 2098 1352 2161; x_wconf 89' lang='lat' dir='ltr'>gravi</span> <span class='ocrx_word' id='word_1_175' title='bbox 1391 2099 1590 2145; x_wconf 89' lang='lat' dir='ltr'>materia</span> 
     </span>
     <span class='ocr_line' id='line_1_26' title="bbox 244 2173 1589 2237; baseline 0.001 -17"><span class='ocrx_word' id='word_1_176' title='bbox 244 2184 466 2221; x_wconf 87' lang='lat' dir='ltr'>mentem·</span> <span class='ocrx_word' id='word_1_177' title='bbox 485 2185 702 2221; x_wconf 90' lang='lat' dir='ltr'>nostram</span> <span class='ocrx_word' id='word_1_178' title='bbox 726 2173 931 2221; x_wconf 89' lang='lat' dir='ltr'>breviter</span> <span class='ocrx_word' id='word_1_179' title='bbox 953 2173 1264 2237; x_wconf 83' lang='lat' dir='ltr'>explicemus.</span> <span class='ocrx_word' id='word_1_180' title='bbox 1288 2174 1355 2222; x_wconf 92' lang='lat' dir='ltr'>Ut</span> <span class='ocrx_word' id='word_1_181' title='bbox 1375 2175 1589 2222; x_wconf 75' lang='lat' dir='ltr'>veritatis</span> 
     </span>
     <span class='ocr_line' id='line_1_27' title="bbox 244 2248 1589 2315; baseline 0.001 -18"><span class='ocrx_word' id='word_1_182' title='bbox 244 2249 477 2306; x_wconf 85' lang='lat' dir='ltr'>doctrina,</span> <span class='ocrx_word' id='word_1_183' title='bbox 509 2251 577 2298; x_wconf 90' lang='lat' dir='ltr'>sic</span> <span class='ocrx_word' id='word_1_184' title='bbox 608 2267 806 2297; x_wconf 91' lang='lat' dir='ltr'>morum</span> <span class='ocrx_word' id='word_1_185' title='bbox 837 2250 966 2314; x_wconf 89' lang='lat' dir='ltr'>apud</span> <span class='ocrx_word' id='word_1_186' title='bbox 998 2249 1305 2298; x_wconf 86' lang='lat' dir='ltr'>Christianos</span> <span class='ocrx_word' id='word_1_187' title='bbox 1333 2248 1589 2315; x_wconf 86' lang='lat' dir='ltr'>disciplina</span> 
     </span>
     <span class='ocr_line' id='line_1_28' title="bbox 245 2327 1586 2390; baseline 0.001 -16"><span class='ocrx_word' id='word_1_188' title='bbox 245 2338 448 2374; x_wconf 91' lang='lat' dir='ltr'>constat.</span> <span class='ocrx_word' id='word_1_189' title='bbox 482 2327 539 2374; x_wconf 89' lang='lat' dir='ltr'>Et</span> <span class='ocrx_word' id='word_1_190' title='bbox 571 2327 995 2390; x_wconf 87' lang='lat' dir='ltr'>quemadmodum</span> <span class='ocrx_word' id='word_1_191' title='bbox 1030 2328 1219 2382; x_wconf 85' lang='lat' dir='ltr'>veritas,</span> <span class='ocrx_word' id='word_1_192' title='bbox 1257 2329 1447 2375; x_wconf 87' lang='lat' dir='ltr'>etiarnsi</span> <span class='ocrx_word' id='word_1_193' title='bbox 1485 2344 1586 2376; x_wconf 89' lang='lat' dir='ltr'>non</span> 
     </span>
     <span class='ocr_line' id='line_1_29' title="bbox 243 2403 1587 2468; baseline 0.001 -18"><span class='ocrx_word' id='word_1_194' title='bbox 243 2414 316 2450; x_wconf 89' lang='lat' dir='ltr'>est</span> <span class='ocrx_word' id='word_1_195' title='bbox 359 2404 456 2468; x_wconf 89' lang='lat' dir='ltr'>jam</span> <span class='ocrx_word' id='word_1_196' title='bbox 499 2403 731 2467; x_wconf 86' lang='lat' dir='ltr'>explicata</span> <span class='ocrx_word' id='word_1_197' title='bbox 776 2415 822 2451; x_wconf 92' lang='lat' dir='ltr'>et</span> <span class='ocrx_word' id='word_1_198' title='bbox 863 2420 1081 2467; x_wconf 83' lang='lat' dir='ltr'>expresse</span> <span class='ocrx_word' id='word_1_199' title='bbox 1127 2403 1342 2459; x_wconf 89' lang='lat' dir='ltr'>definita,</span> <span class='ocrx_word' id='word_1_200' title='bbox 1388 2421 1488 2451; x_wconf 91' lang='lat' dir='ltr'>non</span> <span class='ocrx_word' id='word_1_201' title='bbox 1528 2421 1587 2452; x_wconf 92' lang='lat' dir='ltr'>eo</span> 
     </span>
     <span class='ocr_line' id='line_1_30' title="bbox 245 2479 1588 2544; baseline 0.001 -17"><span class='ocrx_word' id='word_1_202' title='bbox 245 2481 412 2527; x_wconf 90' lang='lat' dir='ltr'>minus</span> <span class='ocrx_word' id='word_1_203' title='bbox 441 2496 550 2528; x_wconf 86' lang='lat' dir='ltr'>vera</span> <span class='ocrx_word' id='word_1_204' title='bbox 580 2491 665 2534; x_wconf 84' lang='lat' dir='ltr'>est,</span> <span class='ocrx_word' id='word_1_205' title='bbox 699 2482 762 2527; x_wconf 91' lang='lat' dir='ltr'>ita</span> <span class='ocrx_word' id='word_1_206' title='bbox 796 2479 1026 2528; x_wconf 89' lang='lat' dir='ltr'>honestas</span> <span class='ocrx_word' id='word_1_207' title='bbox 1058 2482 1158 2544; x_wconf 90' lang='lat' dir='ltr'>ipsa</span> <span class='ocrx_word' id='word_1_208' title='bbox 1194 2480 1327 2528; x_wconf 81' lang='lat' dir='ltr'>nulla</span> <span class='ocrx_word' id='word_1_209' title='bbox 1356 2497 1401 2528; x_wconf 92' lang='lat' dir='ltr'>re</span> <span class='ocrx_word' id='word_1_210' title='bbox 1430 2493 1588 2544; x_wconf 90' lang='lat' dir='ltr'>potest</span> 
     </span>
    </p>
   </div>
   <div class='ocr_carea' id='block_1_12' title="bbox 297 2637 1016 2744">
    <p class='ocr_par' dir='ltr' id='par_1_12' title="bbox 297 2637 1016 2744">
     <span class='ocr_line' id='line_1_31' title="bbox 301 2637 1016 2685; baseline 0.001 -11"><span class='ocrx_word' id='word_1_211' title='bbox 301 2644 335 2676; x_wconf 93' lang='lat'>1.</span> <span class='ocrx_word' id='word_1_212' title='bbox 369 2648 436 2675; x_wconf 88' lang='lat'>2-2</span> <span class='ocrx_word' id='word_1_213' title='bbox 451 2644 484 2663; x_wconf 59' lang='grc' dir='ltr'>*θ</span> <span class='ocrx_word' id='word_1_214' title='bbox 503 2637 652 2684; x_wconf 82' lang='lat' dir='ltr'>Quaest.</span> <span class='ocrx_word' id='word_1_215' title='bbox 679 2649 846 2685; x_wconf 59' lang='lat' dir='ltr'>cmviii,</span> <span class='ocrx_word' id='word_1_216' title='bbox 870 2645 942 2675; x_wconf 87' lang='lat' dir='ltr'>art.</span> <span class='ocrx_word' id='word_1_217' title='bbox 967 2638 1016 2675; x_wconf 93' lang='lat' dir='ltr'>II.</span> 
     </span>
     <span class='ocr_line' id='line_1_32' title="bbox 297 2702 611 2744; baseline 0 -1"><span class='ocrx_word' id='word_1_218' title='bbox 297 2716 336 2744; x_wconf 87' lang='lat'>2.</span> <span class='ocrx_word' id='word_1_219' title='bbox 367 2716 433 2743; x_wconf 85' lang='lat'>2·2</span> <span class='ocrx_word' id='word_1_220' title='bbox 451 2713 497 2742; x_wconf 71' lang='lat'>²².</span> <span class='ocrx_word' id='word_1_221' title='bbox 514 2702 611 2743; x_wconf 77' lang='lat' dir='ltr'><em>[bid.</em></span> 
     </span>
    </p>
   </div>
  </div>
 </body>
</html>
