1930 3294
892 287 1124 341 „35-

330 406 469 458 poeta
498 395 729 451 retundit,
757 396 856 443 sive
890 397 1059 444 omnia
1091 396 1303 444 fallaciae
1336 396 1675 462 mendaciique

328 489 503 535 genera
519 473 741 536 patefacit
762 484 809 520 et
820 473 1054 530 confutat,
1080 475 1249 538 utique
1273 473 1396 521 nihil
1424 475 1676 538 antiquius

330 549 473 597 habet
498 566 646 612 quarn
676 561 730 597 ut
751 550 1027 614 simplicem
1057 552 1106 598 in
1137 550 1389 614 loquendo
1415 563 1461 599 et
1486 551 1675 616 agendo

327 628 581 674 veritatem
607 626 818 674 extollat.
851 627 934 674 Nil
960 644 1074 675 sane
1109 627 1192 675 tali
1229 629 1482 692 proposito
1503 627 1678 682 vlauda-

328 703 478 751 bilius
500 715 638 760 esset,
657 705 750 752 nisi
769 721 869 752 rem
893 704 990 752 huc
1013 716 1154 768 poeta
1178 705 1434 753 deduceret
1457 716 1510 753 ut
1525 722 1676 770 paene

328 780 453 828 nihil
491 781 625 844 quod
656 793 854 829 naturae
891 783 1217 847 conjunctum
1240 794 1311 830 est
1337 782 1431 830 vile
1461 782 1537 830 vel
1560 784 1677 847 peri-

327 857 560 906 culosum
595 860 637 906 ei
670 858 902 906 videatur.
938 859 1071 906 Idem
1109 861 1241 907 enim
1279 861 1378 923 qui,
1408 861 1676 908 novissima

326 935 504 991 fabula,
568 937 783 999 corporis
860 936 1034 984 morbo
1098 937 1353 1001 profitetur
1416 953 1516 985 non
1572 954 1674 985 esse

327 1012 676 1069 medendum¹‚
718 1014 814 1078 jam
844 1030 870 1061 a
897 1015 1066 1077 primis
1101 1015 1330 1078 operibus
1367 1015 1480 1062 satis
1515 1025 1674 1078 aperte

325 1079 567 1153 significat
606 1091 757 1137 animi
815 1092 959 1138 etiam
1017 1091 1215 1147 morbis,
1243 1091 1435 1139 libidini
1478 1091 1686 1148 scilicet,'

323 1184 508 1214 vanum
543 1184 645 1215 esse
681 1167 875 1215 mederi.
903 1169 1030 1215 Nam
1064 1170 1111 1215 in
1154 1168 1250 1216 illis
1286 1168 1464 1216 fabulis
1492 1169 1674 1232 quibus

328 1264 350 1288 c<
379 1234 524 1292 Ecole
553 1245 636 1292 des
665 1246 810 1292 Maris
839 1265 861 1290 »
906 1245 979 1292 vel
1027 1265 1049 1290 «
1090 1235 1235 1293 Ecole
1275 1246 1358 1293 des
1386 1247 1611 1294 Femrnes
1645 1266 1668 1291 ³)

324 1338 507 1369 nomen
566 1323 858 1379 inscribitur,
906 1333 1047 1386 poeta
1095 1323 1213 1386 quid
1266 1323 1323 1371 de
1374 1323 1670 1388 corrigendis

322 1399 519 1446 feminis
567 1411 612 1447 et
649 1400 965 1447 instituendis
1012 1401 1187 1448 sentiat
1220 1402 1402 1448 sincere
1440 1400 1669 1449 ostendit.

319 1477 433 1523 Non
484 1477 702 1524 multum
747 1494 862 1524 vero
908 1478 957 1524 in
1012 1479 1274 1541 praeceptis
1333 1479 1487 1542 ponit,
1546 1494 1669 1542 quae

319 1553 523 1616 quidem
553 1554 872 1618 proponenda
905 1555 1104 1618 stupido
1133 1554 1327 1602 homini
1357 1554 1671 1619 (Arnolpho)

322 1630 556 1694 relinquit
582 1638 611 1678 ².
674 1631 834 1679 Multo
905 1633 1052 1679 etiam
1129 1633 1335 1680 minoris
1392 1632 1668 1680 custodiam

317 1708 445 1764 facit,
506 1710 687 1772 quippe
742 1726 891 1772 quarn
946 1710 1063 1766 vim,
1114 1711 1476 1766 coercitionem,
1511 1711 1669 1757 immo

318 1786 630 1848 tyrannidem
668 1787 842 1834 eximie
886 1787 991 1851 ejus
1039 1786 1239 1834 dilectae
1289 1803 1521 1850 personae
1564 1788 1668 1834 sine

319 1863 815 1927 ambiguitate‘dicant
834 1870 862 1910 ³.
887 1864 1119 1918 Quanam
1136 1865 1284 1928 igitur
1295 1881 1341 1911 re
1351 1865 1668 1928 potissimum

373 1995 404 2020 1.
442 1998 460 2018 <‹
489 1982 539 2021 La
563 1991 713 2031 nature,
751 1982 882 2036 quand
902 1995 1003 2022 nous
1027 1982 1062 2021 la
1079 1982 1245 2022 laissons
1265 1982 1375 2031 faire,
1403 1996 1443 2022 se
1465 1983 1538 2022 tire
1568 1982 1667 2022 dou-

317 2050 475 2080 cement
515 2041 566 2080 du
609 2042 796 2081 desordre
828 2055 879 2081 ou
886 2041 974 2081 elle
996 2051 1052 2081 est
1072 2041 1231 2082 tombee
1238 2073 1317 2082 .....
1353 2058 1373 2079 »
1397 2041 1549 2082 Malade
1573 2041 1667 2082 ima-

311 2100 477 2153 ginaire,
500 2102 571 2150 ΙΙΙ,
590 2114 623 2152 3.

369 2173 405 2199 2.
438 2162 486 2199 V.
513 2155 615 2200 Ecole
637 2160 695 2200 des
714 2161 891 2210 Femmes,
919 2162 988 2210 ΙΙΙ,
1013 2174 1048 2212 3.
1076 2160 1139 2201 Cf.
1163 2160 1194 2200 le
1212 2160 1494 2215 Misanthrope:

435 2243 477 2278 Et
497 2255 514 2278 c
517 2243 581 2278 ’est
600 2255 669 2278 une
690 2242 773 2279 folie
791 2255 809 2278 a
829 2243 927 2279 nulle
947 2252 1046 2279 autre
1065 2244 1218 2279 seconde

431 2297 513 2338 Que
530 2297 668 2333 vouloir
691 2309 727 2332 se
748 2297 858 2332 meler
877 2297 920 2332 de
938 2298 1089 2344 corriger
1108 2297 1140 2332 le
1165 2297 1310 2333 monde.

1123 2363 1214 2403 (V-v-
1237 2363 1391 2403 157·158)

368 2446 402 2483 3.
429 2434 479 2471 V.
500 2428 605 2473 Ecole
625 2433 684 2473 des
699 2433 840 2483 Maris,
859 2433 976 2473 verba
995 2434 1139 2473 Lisette
1157 2449 1166 2473 ε

430 2510 483 2545 En
503 2509 586 2546 effet
607 2519 686 2546 tous
712 2522 768 2546 ces
790 2512 887 2546 soins
913 2519 993 2546 sont
1013 2512 1074 2546 des
1092 2511 1217 2546 choses
1240 2510 1404 2546 infames.

431 2563 704 2599 Sommes-nous
719 2565 802 2599 chez
813 2564 863 2600 les
874 2565 985 2599 Turcs
996 2575 1086 2611 pour
1102 2564 1295 2600 renfermer
1313 2564 1363 2600 les
1371 2564 1589 2599 femmesP...

434 2617 612 2653 ...Toutes
631 2629 687 2653 ces
707 2618 879 2665 gardes-la
895 2627 974 2653 sont
991 2619 1123 2653 visions
1138 2619 1182 2653 de
1199 2617 1278 2653 sous
1298 2630 1305 2652 :

431 2671 478 2705 Le
504 2671 581 2718 plus
600 2673 657 2706 sur
678 2680 811 2714 est,ma
835 2671 896 2715 foi,
920 2672 963 2706 de
983 2682 1020 2706 se
1039 2671 1103 2706 fier
1119 2683 1164 2706 en
1183 2682 1286 2706 nous.

430 2724 502 2765 Qui
519 2736 611 2759 nous
629 2726 719 2772 gene
739 2736 774 2760 se
793 2733 866 2760 met
885 2735 930 2759 en
952 2736 999 2759 un
1017 2724 1101 2771 peril
1113 2726 1280 2760 extreme.

1231 2783 1272 2823 (Ι.
1288 2793 1328 2814 sc.
1347 2785 1379 2823 2)
