1930 3294
291 378 426 434 dum,
474 380 619 427 etiam
678 380 770 428 alia
832 380 1047 445 pericula
1103 381 1314 430 conflare
1379 383 1640 432 Bossuetio

286 455 491 512 videtur,
558 473 666 521 prae
739 458 921 521 quibus
982 475 1042 523 ea·
1088 459 1246 522 priora
1315 461 1637 523 praetermitti

293 544 515 596 possunt.

347 611 453 670 Jam
482 611 738 659 comoedia
777 628 943 660 rursus
978 629 1078 660 non
1114 612 1278 662 solum
1311 613 1443 662 haud
1481 613 1641 662 lauda-

290 687 449 743 bilior,
478 688 560 736 sed
589 690 751 745 etiam,
786 691 901 753 quia
934 691 1150 754 turpiora
1187 690 1415 747 admittit,
1440 692 1489 738 in
1516 692 1641 739 vitu·

290 766 591 828 perationem
631 766 757 813 cadit
794 766 955 814 multo
1001 768 1308 815 severiorem.
1350 769 1545 816 Etenim
1580 767 1639 816 ad

287 841 381 889 hoc
409 854 589 906 spectat
616 859 792 900 unum,
822 855 876 891 ut
909 845 1033 892 risus
1067 846 1291 907 concitet.
1331 844 1423 893 Sed
1452 856 1498 893 et
1542 845 1637 894 hoc

290 918 598 967 levissimum
657 932 728 968 est
776 937 935 984 neque
986 921 1197 987 honesto
1245 923 1350 969 viro
1413 922 1638 987 dignum,

289 996 558 1044 cachinnos
583 997 660 1045 vel
686 1014 882 1046 movere
914 998 991 1046 vel
1029 998 1212 1055 tollere,
1245 1011 1292 1047 et
1326 1015 1475 1047 nemo
1506 1000 1641 1064 igno-

290 1090 387 1121 rare
410 1085 570 1137 potest
596 1091 711 1123 eum
741 1076 825 1139 qui
863 1077 989 1124 risus
1023 1063 1193 1140 captat,
1219 1093 1533 1141 quacumque
1567 1077 1640 1125 uti

290 1152 475 1199 ratione
515 1162 569 1199 ut
606 1153 917 1216 propositum
957 1164 1131 1201 teneat.
1166 1154 1405 1202 Dicacitas
1429 1154 1562 1202 enim
1593 1165 1641 1202 et

288 1228 498 1295 facetiae,
525 1229 707 1292 quibus
736 1229 928 1278 modice
961 1230 1193 1279 adhibitis
1219 1231 1294 1279 vel
1322 1232 1640 1295 gravissimus
1712 1231 1717 1235 ’

289 1307 499 1369 quisque
525 1307 721 1354 veniam
746 1307 856 1355 dare
878 1319 1051 1372 potest,
1083 1307 1218 1372 vulgi
1244 1308 1443 1356 auribus
1467 1325 1637 1372 parum

288 1382 626 1431 delectationis
654 1383 837 1432 habent
862 1392 888 1432 ¹.
918 1385 1036 1433 Inde
1065 1385 1122 1432 fit
1150 1396 1204 1433 ut
1237 1384 1497 1433 illiberales
1525 1386 1636 1451 joci,

287 1460 551 1508 verborum
594 1461 869 1510 obscenitas
916 1478 1177 1526 rerumque
1232 1462 1497 1529 turpitudo-
1525 1479 1640 1511 mox

289 1537 625 1586 adhibeantur.
655 1539 732 1586 Sic
770 1539 817 1587 id
847 1539 1123 1588 fabularum
1145 1555 1301 1604 genus
1332 1540 1389 1587 ad
1417 1539 1641 1588 foedissi-

290 1631 421 1662 mam
445 1615 787 1664 scurrilitatem
826 1628 994 1664 natura
1020 1616 1313 1664 inclinatum
1342 1628 1426 1665 est.

351 1693 457 1753 Jam
510 1709 625 1741 vero
674 1693 837 1742 multo
874 1695 1021 1742 etiam
1072 1694 1273 1759 majoris
1315 1693 1484 1758 culpae
1528 1694 1643 1743 Bos-

291 1771 479 1818 suetius
531 1771 840 1819 comoediam
890 1771 1201 1819 condemnat.
1246 1771 1465 1819 Platonis
1503 1773 1637 1820 enim

290 1848 533 1895 continuo
568 1864 757 1896 novum
780 1848 945 1897 laudat
967 1848 1149 1904 locum,
1186 1849 1235 1895 in
1274 1865 1375 1912 quo
1404 1848 1486 1896 ille
1513 1865 1640 1913 egre-

288 1925 399 1987 gius
415 1924 759 1989 philosophus,
777 1927 891 1989 quia
911 1927 960 1973 in
980 1925 1371 1974 adulescentium
1386 1925 1640 1974 affectibus

290 2012 336 2048 et
375 2002 538 2049 erratis
577 2003 791 2050 comicae
828 2003 1019 2051 fabulae
1053 2002 1346 2067 plerumque
1372 2013 1637 2059 versentur,
1682 1996 1686 1997 ⁷

291 2078 468 2126 idcirco
494 2096 571 2127 eas
598 2079 943 2128 vehementius
966 2080 1110 2128 nobis
1135 2080 1440 2128 detestandas
1462 2080 1639 2128 confir-

292 2167 391 2203 mat
420 2173 428 2203 :
462 2176 484 2201 «
521 2157 607 2213 Ne,
640 2158 705 2204 ait
742 2156 838 2214 ille,
874 2158 952 2205 isti
993 2158 1148 2204 amori
1174 2158 1357 2220 vulgari
1391 2156 1640 2221 indulgea-

292 2249 403 2280 mus
427 2239 441 2256 ²
474 2253 513 2279 ».
542 2235 609 2280 Ex
633 2251 734 2297 quo
760 2234 908 2282 verbo
931 2235 1113 2298 vulgari
1129 2233 1407 2298 intellegere
1430 2233 1634 2298 expedit,

291 2320 345 2356 ut
384 2311 627 2374 significat
676 2312 979 2367 Bossuetius,
1032 2328 1147 2359 eum
1192 2327 1383 2359 merum
1424 2312 1639 2375 corporis

291 2403 524 2443 amorem,
542 2404 691 2451 quem
713 2387 850 2436 Plato
869 2389 1059 2436 virtutis
1087 2405 1200 2436 curn
1229 2388 1394 2436 studio
1415 2389 1640 2436 commit-

290 2474 386 2511 tere
429 2464 628 2512 solebat.

357 2541 448 2588 Sed
487 2541 633 2605 paulo
674 2542 812 2606 plura
856 2543 914 2590 de
966 2543 1057 2590 hoc
1107 2554 1398 2606 argumento
1435 2542 1638 2590 dicenda

349 2671 381 2698 1.
415 2659 614 2708 Maxima,
638 2661 804 2700 XXXV.

347 2730 383 2756 2.
415 2718 614 2766 Maximes,
635 2720 744 2758 XVI.
