1930 3294
287 400 504 466 judicatu
533 401 595 449 sit
623 412 790 449 utrum
818 401 981 450 fabula
1009 403 1213 465 quaevis
1239 402 1457 466 periculo
1485 419 1646 452 mores

288 479 616 542 spectantium
630 478 800 526 offerat
816 495 875 526 an
896 478 1094 526 nullum
1107 480 1275 527 virtuti
1291 478 1644 528 detrimentum

290 557 532 619 importet.
561 555 653 603 Sed
679 557 795 619 quia
827 555 992 603 fabula
1022 556 1387 604 nonnullorum
1422 557 1646 606 moribus

291 632 501 696 pericula
543 633 712 697 injicit,
763 650 863 680 non
906 633 1030 689 ideo,
1076 644 1322 696 quantum
1367 633 1646 698 intellegere

290 726 510 773 possum,
542 726 624 773 per
651 727 700 757 se
728 709 1018 774 appellanda
1044 722 1115 758 est
1151 710 1291 758 mala.
1332 730 1354 756 «
1384 712 1511 758 Nam
1551 710 1646 759 hoc

291 788 329 833 si
347 786 568 850 placebit,
591 788 689 851 jam
707 787 945 835 efficietur
964 799 1018 835 ut
1035 787 1401 851 prohibendum
1418 789 1494 844 sit,
1512 787 1645 852 quod

288 864 452 912 scribit
477 863 702 920 Bolaeus,
729 865 989 929 Virginem
1019 876 1065 912 et
1093 865 1343 913 Suzannas
1381 876 1428 913 et
1455 865 1647 930 Magda-

288 940 421 989 lenas
440 941 563 989 bene
596 942 746 1005 pictas
775 943 824 989 in
858 941 1073 990 ecclesiis
1102 941 1354 998 collocare,
1388 959 1502 990 cum
1531 958 1669 990 sane*

286 1018 389 1066 fieri
416 1020 571 1082 possit
589 1029 642 1067 ut
665 1035 834 1067 earum
857 1019 1115 1083 adspectus
1133 1019 1361 1067 dissoluti
1378 1019 1644 1085 cujuslibet

289 1095 510 1144 hominis
552 1096 830 1144 inflammet
874 1097 1328 1160 concupiscentiam
1354 1104 1382 1144 ¹.
1420 1116 1442 1142 »
1474 1096 1648 1161 Turpi-

287 1173 474 1221 tudinis
520 1175 670 1237 igitur
731 1185 901 1221 notam
974 1170 1232 1222 inurem'us
1282 1175 1387 1222 istis
1450 1185 1645 1222 tantum

288 1250 468 1298 fabulis
507 1267 631 1314 quae
669 1267 843 1315 parum
880 1250 1087 1298 honeste
1125 1251 1410 1315 pudicitiam
1450 1251 1645 1308 habent,

291 1344 568 1391 quorumve
617 1329 889 1392 scriptores,
940 1327 1102 1382 dedita
1144 1345 1303 1392 opera,
1349 1329 1470 1376 vitio
1510 1328 1647 1376 leno—

265 1407 528 1453 ·cinantur.
591 1405 682 1453 Sed
740 1407 829 1453 etsi
890 1422 991 1453 non
1054 1405 1403 1454 contendimus
1456 1405 1646 1453 nullam

291 1482 573 1531 istiusmodi
598 1484 647 1530 in
677 1482 860 1531 horum
885 1494 1139 1547 poetarum
1168 1483 1398 1546 operibus
1422 1484 1645 1539 inveniri,

289 1559 463 1607 saltem
501 1577 587 1624 pro
614 1571 743 1607 certo
785 1559 1079 1608 habebimus
1109 1571 1156 1607 et
1191 1561 1508 1624 paucissimas
1543 1576 1646 1608 esse

287 1637 417 1701 apud
441 1636 553 1685 illos
576 1654 699 1701 quae
724 1648 856 1685 tanta
879 1638 1130 1686 severitate
1154 1637 1328 1702 dignae
1354 1639 1466 1694 sint,
1486 1653 1646 1701 neque

289 1715 375 1762 has
415 1726 538 1762 certe
567 1715 770 1778 quidem
804 1716 852 1762 in
885 1714 1103 1763 Cornelii
1141 1716 1426 1778 Raciniique
1458 1714 1646 1762 theatro

291 1793 513 1839 inveniri.
541 1793 595 1839 In
644 1792 738 1840 hoc
775 1793 924 1856 igitur
959 1791 1069 1840 loco
1113 1792 1482 1840 inclementiam
1515 1791 1648 1839 adhi-

291 1869 454 1917 buisse
477 1870 767 1917 Bossuetius
812 1870 955 1917 nobis
1003 1868 1208 1917 videtur.
1254 1869 1518 1918 Reddenda
1546 1869 1644 1934 jam

291 1963 406 1994 vero
436 1948 555 1994 ratio
583 1958 655 1994 est
669 1963 755 1994 cur
778 1958 877 1994 tam
895 1963 1090 1994 severus
1111 1947 1271 2003 fuerit,
1289 1946 1423 2010 quod
1444 1945 1646 2010 quidem

294 2024 351 2071 ad
381 2024 662 2072 docendum
700 2024 822 2071 redit
852 2024 1034 2087 quibus
1062 2024 1343 2072 auctoribus
1371 2025 1420 2071 in
1457 2023 1645 2071 theatro

296 2101 601 2165 reprobando
625 2102 877 2149 innitatur.

350 2260 383 2286 1.
419 2247 520 2286 Boil.
542 2248 562 2286 a
583 2225 840 2295 Monches-n„
867 2257 981 2297 1707.
