1930 3294
957 274 1186 318 ,24-

396 392 506 422 mus
532 374 665 437 quod
693 376 754 421 ita
781 375 955 421 vitium
989 373 1218 437 depingat
1250 383 1303 421 ut
1333 373 1437 420 vitii
1494 372 1745 438 detegatur

394 452 598 499 foeditas
629 468 680 499 ac
733 450 892 515 palam
915 450 1210 515 reprobetur.
1241 450 1398 515 Cujus
1419 450 1529 498 facti
1556 451 1742 499 ratione

396 529 572 585 habita,
585 546 675 576 nos
690 530 845 593 magis
858 528 993 576 decet
1003 539 1198 592 poetam
1209 527 1384 576 habere
1395 527 1525 575 haud
1536 529 1744 576 omnino

396 606 691 654 mediocrem
719 605 914 653 vivendi
943 616 1310 670 praeceptorum
1338 604 1627 670 adjutorem,
1655 606 1741 669 qui

397 701 498 732 non
525 701 640 731 sane
665 695 859 731 tantum
877 683 933 730 ad
959 682 1272 747 corrigendos
1288 683 1482 730 animos
1497 692 1742 745 quantum

395 773 556 809 orator
604 760 785 824 polleat
831 759 1139 816 christianus,
1185 759 1268 808 sed
1310 770 1490 815 tamen,
1547 760 1597 806 in
1651 758 1745 808 hoc

397 855 614 895 munere,
644 837 887 885 historicis
917 836 1076 884 multo
1105 836 1388 884 antecellere
1412 836 1645 884 videatur.

459 916 524 963 At
551 917 683 963 enim
707 916 825 963 vitia
846 914 1194 962 tantummodo
1211 930 1334 977 quae
1349 914 1407 961 ab
1426 913 1748 961 humanitatis

398 994 583 1040 ratione
617 1003 891 1057 repugnant
932 1003 1100 1056 poetae
1147 993 1458 1039 insectantur.
1487 991 1613 1038 Nam
1653 990 1749 1055 ple-

398 1087 621 1134 rumque,
653 1070 774 1118 dum
811 1071 926 1117 satis
964 1069 1147 1117 habent
1178 1069 1412 1116 invidiam
1461 1069 1651 1133 rejicere
1697 1069 1747 1116 in

396 1148 563 1212 culpas
607 1164 730 1211 quae
768 1148 1053 1195 communis
1091 1147 1215 1194 vitae
1255 1145 1451 1193 vincula
1497 1145 1742 1202 revellant,

398 1225 674 1273 incolumes
690 1236 736 1273 et
751 1226 960 1289 integras
971 1241 1048 1272 eas
1066 1240 1169 1272 esse
1183 1225 1436 1287 patiuntur
1452 1239 1576 1287 quae
1590 1222 1751 1272 nobis·

400 1304 620 1366 metipsis
645 1302 762 1350 solis
793 1302 993 1350 afferant
1029 1301 1394 1349 detrimentum.
1424 1301 1604 1364 Itaque,
1633 1316 1747 1348 cum

398 1381 534 1429 ferrei
566 1381 915 1444 asperrimique
937 1380 1035 1427 sint
1065 1378 1121 1426 ad
1146 1377 1416 1426 levissimas
1432 1379 1579 1426 etiam
1596 1377 1751 1426 insul-

398 1459 562 1506 sitates
603 1457 1092 1520 inhumanitatesque
1117 1463 1146 1512 ¹,
1184 1456 1456 1504 admodum
1494 1471 1543 1503 se
1582 1454 1747 1503 faciles

400 1535 643 1600 praebent,
658 1537 814 1583 immo
829 1534 1100 1583 dissolutos
1113 1535 1163 1581 in
1174 1534 1278 1582 istis
1293 1533 1510 1581 delicatis
1525 1532 1751 1596 volupta-

398 1613 532 1661 tibus
548 1612 871 1677 depingendis
887 1628 1010 1676 quae
1028 1612 1206 1659 mentis
1222 1627 1396 1658 nervos
1412 1610 1745 1674 confringunt.

400 1691 492 1747 Sic,
522 1690 653 1738 verbi
690 1691 855 1754 gratia,
884 1690 1085 1737 morbum
1119 1690 1298 1745 amoris,
1333 1705 1434 1752 quo
1480 1686 1606 1734 nihil
1648 1703 1751 1734 om—

402 1770 522 1816 nino
545 1779 616 1816 est
637 1767 833 1815 homini
856 1766 1179 1831 pestilentius,
1207 1767 1256 1813 in
1283 1766 1451 1813 omnia
1472 1781 1617 1828 opera
1642 1765 1752 1812 reci-

401 1847 569 1910 piunt;
597 1862 697 1892 non
724 1845 889 1892 solum
918 1845 1171 1908 recipiunt,
1191 1844 1420 1907 primario
1438 1842 1547 1890 loco
1572 1857 1751 1906 ponere

402 1925 693 1980 instituunt;
744 1939 903 1986 neque
960 1921 1124 1970 solum
1174 1922 1354 1985 primas
1399 1931 1555 1984 partes
1597 1920 1751 1967 amori

402 2002 737 2057 committunt,
765 2000 846 2047 sed
887 2001 1034 2047 etiam
1072 2010 1224 2047 cetera
1263 1999 1320 2055 ei,
1362 2009 1615 2061 tamquam
1654 2012 1754 2061 ger-

403 2095 551 2126 mano
579 2078 685 2134 deo,
712 2077 974 2125 concedere
1003 2087 1049 2124 et
1077 2087 1282 2123 mactare
1315 2092 1415 2122 non
1437 2074 1753 2122 dubitant.—

402 2157 506 2203 Hoc
534 2172 648 2203 sane
674 2166 758 2211 est,
786 2166 839 2202 ut
875 2155 1023 2202 sentit
1070 2154 1374 2208 Bossuefius,
1405 2152 1751 2216 gravissimum

403 2232 687 2280 comoediae
705 2232 1018 2279 maleficium.
1038 2232 1173 2278 Num
1188 2246 1302 2278 vero
1319 2228 1510 2293 expedit
1522 2227 1751 2292 profiteri,

404 2321 653 2373 quotquot
678 2321 847 2374 poetae
864 2310 914 2356 in
934 2309 1022 2356 hac
1048 2308 1303 2356 manifesta
1328 2306 1470 2370 culpa
1491 2303 1754 2369 deprehen-

463 2481 497 2507 1.
530 2484 549 2504 «
645 2467 700 2507 les
723 2468 902 2507 discours
936 2467 988 2506 οὺ
1016 2479 1059 2505 ce
1084 2466 1293 2519 rigoureux
1322 2476 1485 2503 censeur
1512 2462 1580 2502 des
1611 2461 1754 2516 grands

407 2541 568 2575 canonS,
589 2540 633 2566 ce
656 2539 773 2580 grave
798 2526 1053 2566 reformateur
1068 2525 1135 2564 des
1154 2525 1280 2564 mines
1296 2533 1334 2563 et
1351 2523 1419 2563 des
1440 2522 1686 2576 expressions
1705 2520 1754 2560 de

406 2600 478 2625 nos
496 2587 732 2639 precieuses,
759 2586 857 2625 etale
878 2585 1100 2638 cependant
1122 2597 1168 2623 au
1190 2583 1276 2637 plus
1300 2582 1422 2636 grand
1440 2583 1528 2635 jour
1549 2580 1604 2620 les
1632 2593 1753 2619 avan-

405 2656 511 2698 tages
531 2645 648 2684 d'une
670 2645 813 2684 infirme
834 2645 1029 2684 tolerance
1053 2644 1150 2683 dans
1172 2643 1226 2682 les
1247 2643 1380 2690 maris,
1404 2650 1476 2681 etc.
1511 2657 1530 2677 »
1552 2639 1749 2684 Maximes,

406 2706 455 2744 V.
