1930 3294
833 264 1070 306 —61-

212 385 226 409 1
245 371 249 374 ⁴
271 373 407 438 quod
450 374 738 421 Bossuetius
768 372 999 436 postulat,
1032 372 1254 436 improba
1278 373 1399 420 facta
1423 372 1618 420 exhibet

269 460 326 498 ut
358 469 383 494 (ι
413 449 587 498 odium
625 450 831 497 incutiat
855 455 884 496 ¹.
920 468 944 494 ι)
976 449 1104 496 Nam
1136 449 1271 513 quod
1310 451 1359 496 in
1393 449 1620 498 Phaedrae

269 527 526 592 prooemio
553 526 612 574 de
635 525 723 574 hac
747 525 911 574 fabula
935 526 1193 590 significat,
1216 525 1347 573 idem
1367 527 1415 573 in
1442 543 1619 574 omnes

268 602 539 668 tragoedias
581 614 704 651 recte
740 602 867 650 cadit
900 620 908 649 :
944 622 966 647 α
1004 603 1204 650 Amoris
1247 604 1487 651 vitiositas
1531 619 1617 667 pro

269 696 400 728 mera
451 681 715 728 vitiositate
760 691 971 743 putatur.
1015 679 1263 727 Libidines
1312 681 1445 727 enim
1513 696 1615 728 non

266 753 426 802 oculis
442 753 787 818 subjiciuntur,
808 754 901 800 nisi
921 764 975 800 ut
1002 752 1347 817 intellegamus
1371 765 1615 817 quantum

267 830 326 878 ad
354 842 573 878 mentem
612 829 963 878 exturbandam
993 829 1224 893 polleant.
1263 831 1457 878 Vitium
1501 847 1616 878 vero

267 923 460 972 semper
510 908 569 954 iis
613 906 863 954 coloribus
923 907 1207 971 depingitur
1253 907 1436 970 quibus
1479 919 1527 955 et
1568 907 1615 955 id

265 985 546 1048 pernovisse
558 994 606 1031 et
619 983 979 1047 turpitudinem
997 983 1243 1047 perodisse
1260 985 1510 1047 possimus
1536 991 1551 1008 ²
1571 1004 1612 1031 ».

263 1060 399 1108 Num
415 1061 565 1125 igitur
577 1061 867 1108 Bossuetius
889 1061 990 1124 ipse
1018 1059 1164 1107 aliam
1183 1060 1451 1108 formulam
1477 1078 1618 1109 cons-

264 1135 400 1182 tituit
437 1151 535 1198 qua
571 1134 761 1182 bonum
795 1151 848 1181 ac
889 1134 1077 1181 malum
1120 1136 1405 1198 scriptorem
1441 1134 1616 1200 dijudi-

223 1211 227 1217 “
263 1210 468 1256 cemus?
494 1208 589 1263 An,
618 1209 733 1271 quia
777 1208 835 1255 ad
877 1207 1043 1256 solum
1088 1224 1248 1256 rerum
1283 1210 1566 1272 scriptorem
1597 1216 1609 1240 ³

264 1285 391 1334 hanc
415 1284 756 1350 probationem
785 1286 1023 1348 pertinere
1050 1296 1204 1348 putat,
1238 1285 1612 1349 prohibebimur

265 1361 376 1410 ideo
413 1378 520 1410 earn
547 1361 606 1409 ad
639 1363 899 1411 Racinium
935 1362 1202 1417 transferre,
1239 1363 1324 1425 qui
1362 1374 1461 1410 tarn
1498 1364 1611 1411 sim-

240 1438 452 1504 pliciter
473 1440 711 1503 propositi
735 1449 911 1486 rectam
941 1439 1181 1486 rationem
1208 1439 1449 1487 declaret?

327 1624 421 1673 Sed
446 1636 710 1688 postquam
738 1623 820 1672 illa
854 1624 1156 1672 considerata
1184 1636 1316 1681 sunt,
1356 1642 1482 1688 quae
1510 1625 1613 1673 libi·

260 1700 400 1750 dines
453 1712 500 1749 et
550 1701 683 1764 quali
733 1702 1027 1765 scriptorum
1079 1713 1242 1749 mente
1301 1703 1351 1749 in
1414 1702 1604 1750 theatro

261 1778 610 1834 describantur,
632 1790 852 1842 superest
872 1779 1157 1826 etiamnunc
1178 1778 1300 1826 illud
1322 1781 1609 1842 percontari,

262 1854 423 1919 qualis
449 1856 511 1903 sit
537 1871 706 1902 caveae
727 1871 1001 1903 consessus.
1027 1856 1153 1902 Nam
1185 1855 1608 1918 quemadmodum

263 1931 503 1996 quaedam
534 1931 850 1979 historiarum
882 1948 1058 1995 genera
1085 1931 1161 1979 vel
1189 1932 1428 1996 quaedam
1452 1949 1610 1981 narra-

262 2010 438 2064 tiones,
486 2010 714 2072 quamvis
758 2008 970 2056 honesto
1023 2025 1076 2056 ac
1124 2008 1354 2057 laudabili
1399 2009 1607 2057 consilio

262 2087 437 2150 scripta
468 2086 580 2141 sint,
623 2102 724 2133 non
755 2086 987 2132 omnium
1027 2096 1192 2133 tamen
1238 2097 1355 2133 sunt
1392 2097 1606 2134 aetatum

261 2174 311 2210 et
330 2175 664 2227 personarum,
695 2163 763 2209 sic
790 2163 840 2208 in
870 2163 927 2209 iis
952 2178 1075 2225 quae
1102 2162 1160 2209 ad
1188 2179 1382 2210 scenam
1411 2179 1608 2228 compo·

261 2250 451 2287 nuntur
468 2239 646 2287 fabulis
664 2238 905 2302 quaedam
924 2240 1128 2303 reperias
1153 2238 1305 2303 hujus
1324 2241 1607 2303 spectatoris

259 2317 402 2364 aetati
456 2315 775 2378 moribusque
828 2327 952 2378 apta,
999 2314 1133 2362 illius
1180 2327 1345 2363 autem
1401 2317 1607 2364 minime

258 2394 593 2457 congruentia.
648 2392 767 2439 Inde
820 2391 876 2438 fit
928 2403 982 2438 ut
1028 2408 1220 2455 semper
1256 2392 1605 2440 difficillimum

315 2580 349 2606 1.
375 2569 424 2606 V.
447 2568 575 2614 Max„
591 2568 658 2605 lv.
678 2566 738 2605 Cf.
762 2580 893 2619 supra,
915 2580 956 2619 p.
980 2579 1043 2616 23.

314 2638 352 2665 2.
387 2625 546 2665 Phaedr.
571 2625 731 2679 praefat.

315 2696 351 2734 3.
382 2685 432 2723 V.
456 2697 586 2737 supra,
611 2697 652 2737 p.
676 2696 740 2734 23.
