1930 3294
852 256 1088 312 „78-

291 383 603 430 nequaquam
633 365 841 414 modum
871 366 1158 414 adhibuerat
1192 368 1242 414 in
1273 368 1509 416 omnibus
1535 369 1640 417 sine

232 491 234 493 ,
289 445 572 507 exceptione
597 443 924 507 approbandis
943 445 1027 507 qui
1050 455 1157 491 tum
1182 444 1412 492 vivebant
1437 446 1640 494 scenicis

289 521 624 584 scriptoribus,
686 522 751 568 ita
807 521 1111 577 Bossuetius,
1171 538 1285 568 cum
1349 523 1454 587 ejus
1508 522 1639 571 haud

291 598 540 645 immerito
569 597 892 645 exardesceret
914 597 1205 662 indignatio,
1234 599 1283 645 in
1313 600 1381 646 eis
1410 600 1514 647 sine
1542 599 1640 647 ulla

291 676 573 739 exceptione
616 691 813 738 prorsus
858 675 1174 723 vehementer
1212 692 1263 723 ac
1308 693 1468 724 severe
1512 677 1637 724 fecit

292 753 369 800 Sic
410 772 432 797 «
465 751 711 816 Theologi
749 771 772 797 ³>
815 769 1000 816 poenae
1041 769 1066 800 a
1107 753 1406 802 nostratibus
1440 753 1641 841 praecla-

290 830 496 878 rissimis
528 830 686 894 poetis
710 831 916 894 graviter
942 832 1172 894 repetitae
1195 841 1326 878 sunt.

352 984 416 1031 At
441 983 564 1032 illud
587 1000 802 1048 quoque,
824 995 877 1032 ut
896 986 1085 1048 opinor,
1114 1001 1213 1032 non
1239 986 1368 1048 parvi
1396 986 1638 1033 momenti

290 1062 383 1109 fuit
398 1061 456 1109 ad
473 1061 864 1109 confirmandam
884 1063 1128 1110 Bossuetii
1151 1063 1470 1118 severitatem,
1487 1062 1638 1126 quod,

290 1138 440 1202 paulo
468 1150 578 1186 ante
614 1138 774 1195 illum,
800 1138 880 1186 alii
909 1139 1131 1204 ejusdem
1161 1155 1331 1187 causae
1359 1139 1639 1188 defensores

291 1216 415 1263 nulli
469 1228 778 1280 pepercerant
818 1218 881 1264 rei
927 1228 981 1264 ut
1011 1227 1277 1264 everterent
1315 1216 1637 1264 comoediam.

286 1293 413 1341 Nam
452 1310 608 1357 usque
651 1293 771 1341 adeo
812 1310 1095 1358 progressus
1141 1305 1238 1341 erat
1283 1293 1470 1350 Nicole‚
1525 1310 1639 1342 cum

288 1371 385 1418 Des
441 1371 616 1419 Marets
676 1371 993 1435 redargueret,
1048 1382 1101 1419 ut
1155 1372 1222 1419 sic
1274 1371 1585 1434 eloqueretur
1629 1388 1637 1418 :

293 1467 314 1493 «
358 1448 832 1496 Commenticiarum
873 1447 1151 1496 fabularum
1195 1448 1453 1496 fabricator
1491 1449 1641 1496 sceni-

289 1542 474 1589 cusque
515 1537 656 1590 poeta
705 1525 1022 1590 pervulgatus
1063 1542 1172 1573 vere
1213 1525 1462 1573 veneficus
1496 1537 1568 1573 est
1599 1526 1639 1574 si

288 1619 387 1650 non
418 1602 639 1650 hominis
664 1604 895 1667 corporis,
925 1615 971 1650 at
999 1602 1169 1651 saltem
1203 1604 1397 1659 mentis,
1427 1604 1511 1666 qui
1536 1619 1639 1651 sese

286 1691 453 1744 putare
492 1680 663 1728 debeat
694 1697 834 1728 reum
868 1697 971 1728 esse
1005 1680 1162 1728 caedis
1199 1679 1638 1728 innumerabilium

287 1758 594 1805 animarum¹
628 1777 669 1804 )).
707 1759 806 1805 Etsi
850 1774 949 1805 non
996 1768 1097 1804 tam
1138 1757 1304 1805 acerba
1342 1757 1485 1805 verba
1523 1757 1640 1805 fece-

289 1846 395 1882 rant
429 1835 711 1882 comoediae
746 1835 1000 1883 adversarii
1037 1851 1226 1891 omnes,
1264 1851 1438 1882 omnes
1475 1845 1637 1882 tamen

290 1913 385 1959 sere
409 1908 683 1960 sentiebant
705 1912 849 1959 idern.
872 1913 926 1959 In
944 1913 1115 1976 primis
1139 1928 1254 1959 vero
1276 1922 1374 1960 erat
1395 1923 1442 1959 et
1466 1911 1640 1960 Nicole

292 2001 338 2037 et
381 1989 528 2037 Conti
574 1989 829 2037 nobilitata
883 1989 1210 2037 inclementia.
1256 1990 1382 2036 Nam
1436 1999 1639 2053 uterque

294 2083 471 2131 magna
487 2066 856 2131 reprehenderat
869 2068 1227 2130 vituperatione
1250 2083 1350 2114 non
1370 2083 1423 2113 ea
1438 2065 1639 2130 quidem

292 2160 416 2208 quae
444 2143 672 2192 licentius
699 2145 1012 2192 commiserat
1034 2143 1284 2200 Molerius‚
1311 2143 1393 2191 sed
1422 2142 1639 2191 Cornelii

290 2222 446 2285 ipsius
468 2221 543 2269 vel
581 2221 828 2269 levissima
852 2232 1042 2285 peccata
1059 2227 1089 2268 ².
1115 2222 1179 2268 Ea
1207 2221 1356 2285 igitur
1385 2220 1639 2268 acerbitate

289 2310 335 2347 et
350 2315 408 2346 eo
430 2298 647 2362 quodam
665 2300 917 2362 proposito
939 2298 1150 2346 consilio
1167 2299 1337 2346 omnia
1353 2297 1479 2345 male
1500 2298 1641 2345 inter-

290 2375 508 2440 pretandi
559 2377 608 2423 in
656 2375 914 2439 scelusque
960 2374 1299 2439 detorquendi,
1337 2374 1407 2421 illi
1439 2375 1640 2438 optimis

291 2453 589 2501 nostratibus
630 2454 800 2517 poetiS‚
840 2452 969 2517 apud
1017 2468 1267 2516 quemque
1311 2450 1641 2499 moderatissi-

349 2600 382 2626 1.
413 2588 535 2626 Lettre
552 2599 618 2626 sur
638 2585 813 2626 I'He're'sie
834 2576 1068 2640 imagindire.
1089 2587 1155 2626 Les
1175 2583 1432 2633 Visionnaires,
1447 2586 1639 2638 premiere

294 2649 422 2689 lettre.

349 2720 385 2747 2.
417 2709 466 2747 V.
488 2721 527 2762 p.
550 2721 617 2757 44,
641 2717 725 2747 not.
753 2720 787 2747 1.
