1930 3294
877 245 1113 298 -55-

312 371 395 401 nas
434 355 643 401 maxime
677 370 864 417 angere,
907 365 1015 401 tum
1054 371 1154 401 non
1202 355 1264 401 ita
1307 371 1384 402 eas
1429 356 1477 402 in
1518 371 1658 404 suam

311 431 522 495 redigere
555 431 804 478 dicionem
846 442 899 478 ut
939 418 1083 478 illum
1121 431 1345 495 dignitati
1381 432 1660 496 praeferant.

309 508 393 555 Illa
411 509 610 555 Berenice
632 509 780 572 igitur
799 525 899 555 non
918 510 981 555 ita
996 508 1197 556 fortasse
1216 508 1330 555 mali
1351 508 1559 573 exempli
1577 521 1661 567 est,

311 602 434 648 quae
461 580 1074 648 vitiositatem'eademque
1097 585 1496 634 emendationem
1520 586 1663 635 nobis

311 662 545 710 exhibeat.
574 663 742 716 Quam
770 663 809 710 si
832 663 930 727 jam
954 662 1011 710 ad
1039 662 1278 716 Quinaldi
1301 663 1659 727 tragoediarum

309 739 386 787 vel
433 739 692 802 lyricarum
742 738 1021 787 fabularum
1069 741 1309 787 rationem
1360 757 1661 798 revocamus,

313 834 414 864 non
472 816 639 864 solum
694 817 973 882 judicamus
1034 818 1304 873 innoxiam,
1371 817 1454 864 sed
1513 833 1664 882 paene

311 895 556 959 juventuti
581 893 640 941 ad
663 894 1027 941 instituendum
1055 893 1360 958 praeclaram.
1389 895 1474 942 Sin
1499 905 1664 942 autem

311 971 533 1019 eamdem
576 971 684 1018 aliis
712 971 1014 1018 conferimus
1057 972 1242 1020 Racinii
1284 971 1560 1035 tragoediis,
1586 972 1664 1020 vel

309 1048 665 1105 Andromachae,
705 1047 782 1096 vel
822 1049 1099 1105 Britannico,
1133 1048 1210 1096 vel
1240 1049 1492 1111 Iphigeniae
1521 1078 1585 1084 -—
1611 1059 1666 1096 ut
1721 1061 1723 1064 ⁴

313 1143 445 1173 nunc
477 1126 632 1174 Esther
665 1137 711 1173 et
745 1126 926 1174 Athalie
957 1127 1201 1182 omittam,
1234 1154 1301 1160 —-
1334 1142 1433 1173 non
1469 1125 1526 1173 ad
1558 1142 1665 1174 eam

312 1220 426 1251 sane
459 1203 677 1250 fabulam
707 1204 1016 1268 juventutem
1046 1219 1298 1259 vocamus,
1333 1204 1514 1267 quippe
1542 1219 1666 1266 quae

313 1282 462 1328 nimis
501 1281 734 1328 amatorie
771 1281 821 1327 in
860 1279 1199 1344 compluribus
1233 1279 1354 1327 locis
1385 1281 1560 1344 scripta
1589 1281 1665 1337 sit,

312 1358 394 1406 sed
439 1375 539 1405 non
589 1358 830 1405 continuo
877 1374 983 1405 eam
1028 1373 1113 1421 pro
1160 1357 1438 1421 impudenti
1481 1363 1662 1422 opere¹

312 1435 555 1483 ducimus.
598 1436 871 1507 Nunquam
921 1435 1055 1482 enim
1103 1451 1185 1498 per
1227 1435 1486 1483 Racinium
1539 1451 1668 1518 spec-

312 1514 480 1560 tatoris
507 1503 777 1576 pudicitia
767 1529 816 1559 1n
844 1512 1126 1560 discrimine
1155 1523 1238 1559 est.

375 1603 549 1665 Neque
587 1601 818 1665 equidem
861 1601 1035 1649 dubito
1074 1602 1210 1664 quin,
1249 1601 1288 1648 si
1324 1600 1668 1649 Andromachae

312 1679 389 1727 vel
413 1679 668 1726 Britannici
695 1680 900 1742 scriptor
924 1690 1144 1742 tempore
1170 1678 1343 1725 eodem
1361 1678 1538 1730 ,fuisset
1565 1694 1666 1741 quo

312 1757 587 1811 Terentius,
635 1757 852 1816 Jansenii
909 1767 1180 1811 sectatores,
1241 1754 1666 1818 quemadmodum

312 1833 540 1882 Andriam
588 1845 634 1880 et
674 1832 900 1895 Adelphos
953 1844 1000 1880 et
1043 1833 1354 1880 Phormionem
1404 1832 1462 1879 de
1513 1831 1667 1879 latino

313 1917 700 1959 converterunt²
761 1911 828 1957 sic
865 1927 942 1957 eas
992 1909 1194 1973 quidem
1242 1910 1430 1958 Racinii
1479 1908 1667 1957 fabulas

313 1988 484 2053 gallice
525 1987 862 2035 reddidissent.
913 1988 1155 2051 Magnum
1201 1987 1335 2034 enim
1391 1985 1667 2034 Arnaldum

314 2066 393 2113 hic
451 2066 722 2128 accipimus
778 2064 953 2111 vadem
1014 2065 1115 2127 qui,
1178 2080 1292 2111 cum
1352 2063 1561 2111 Bolaeus
1625 2065 1667 2110 ei

312 2142 565 2190 Phaedram
597 2141 897 2205 approbaret,
936 2140 1117 2188 talibus
1156 2141 1313 2188 verbis
1357 2139 1664 2204 respondisse

313 2220 463 2268 fertur
491 2238 498 2266 :
532 2239 554 2264 ((
582 2220 687 2266 Hoc
715 2218 856 2282 plane
886 2219 1154 2282 perfectum
1182 2234 1308 2281 opus
1339 2229 1410 2265 est
1435 2223 1445 2249 ³
1479 2236 1519 2263 )).
1551 2217 1659 2277 Jam

372 2400 405 2426 1.
440 2402 460 2423 <c
484 2387 738 2438 Dangereuse
759 2386 780 2423 ὲ.
800 2384 835 2423 la
854 2384 1008 2438 pudeur
1035 2400 1072 2433 2),
1102 2385 1228 2432 Max.‚
1254 2384 1322 2422 III.

334 2473 337 2477 «
370 2459 406 2484 2.
439 2445 622 2485 Comedies
638 2443 679 2483 de
702 2444 850 2484 Terence
871 2443 1046 2482 traduites
1066 2457 1108 2482 en
1116 2442 1282 2496 francois
1301 2443 1323 2481 ὰ
1341 2444 1430 2482 coste'
1449 2445 1480 2481 et
1512 2441 1666 2480 rendues

315 2505 590 2544 tres-honnestes
609 2518 651 2543 en
665 2518 690 2557 y
710 2503 911 2556 changeant
922 2503 1003 2556 fort
1015 2509 1086 2556 peu
1117 2505 1161 2541 (le
1180 2502 1327 2542 chose...
1359 2513 1662 2542 M.Dc.xxxxvn.

317 2564 410 2618 (Par
431 2564 465 2603 le
488 2580 508 2600 ι(
532 2564 635 2603 sieur
655 2563 703 2602 de
725 2563 765 2602 S.
791 2562 925 2601 Aubin
948 2579 984 2611 »‚
1007 2562 1114 2607 alias,
1137 2571 1180 2602 ut
1210 2561 1397 2609 creditur,
1426 2562 1477 2600 Le
1507 2560 1667 2599 Maistre

317 2624 365 2663 de
391 2623 518 2676 Saci.)

374 2696 408 2733 3.
441 2684 489 2721 V.
518 2681 757 2735 Pori-Royal,
774 2682 845 2730 VI,
863 2694 901 2733 p.
924 2693 1012 2731 130.
