1930 3294
261 356 462 404 quoque
487 342 535 388 in
569 340 769 389 theatris
793 341 1115 390 assidentium
1145 341 1266 389 alios
1290 341 1386 389 alio
1419 340 1607 406 impelli

260 417 437 466 videas.
464 412 626 474 χΝειῐη,
675 418 809 481 quod
863 430 1032 466 natura
1083 419 1185 475 fert,
1238 419 1355 466 boni
1403 419 1500 466 fere
1558 420 1607 466 in

261 493 453 542 bonurn
507 496 677 542 omnia
722 506 1030 551 convertunt,
1086 495 1200 542 mali
1261 497 1310 542 in
1365 493 1606 543 malum¹.

259 570 500 634 Equidem
529 570 660 619 haud
699 573 974 635 negaverim
1012 571 1273 628 theatrum,
1305 573 1419 636 quia
1447 571 1609 636 plures

175 652 180 655 ’
259 649 467 695 vitiosos
503 664 652 711 quam
689 648 848 696 bonos
894 648 1088 696 exhibet
1117 677 1184 684 —
1221 660 1365 712 atque
1412 649 1458 696 id
1497 660 1607 697 ante

261 740 457 773 caveam
484 725 567 772 ubi
588 725 684 772 fere
720 725 931 789 improbi
959 741 1166 773 numero
1195 725 1393 790 plurimi
1423 725 1607 782 sedent,

261 801 373 849 ideo
402 802 555 866 magis
583 801 640 849 ad
667 801 990 850 conflandum
1019 803 1196 850 vitium
1227 819 1375 866 quam
1412 802 1470 850 ad
1498 819 1610 850 con-

260 877 553 926 firmandam
587 880 818 926 virtutem
862 879 1030 937 valere.
1071 879 1162 927 Sed
1200 879 1330 927 haud
1375 879 1608 927 mediocri

261 956 664 1019 compensatione
722 955 841 1003 haec
892 972 1051 1004 rerum
1116 957 1294 1020 imag0‚
1354 956 1610 1004 comoedia
1651 1015 1656 1024 Ι

261 1030 457 1087 scilicet,
499 1032 642 1079 rebus
683 1034 801 1096 ipsis
840 1049 898 1080 eo
935 1033 1136 1096 quidem
1180 1033 1425 1081 antecellit
1459 1033 1608 1097 quod,

261 1109 507 1173 scriptoris
543 1120 706 1156 mente
741 1121 989 1173 concepta,
1034 1111 1083 1156 in
1118 1109 1293 1157 theatri
1319 1110 1479 1158 lucem
1508 1127 1610 1158 non

227 1250 230 1251 .
262 1185 502 1250 profertur
528 1187 622 1233 nisi
655 1186 713 1233 ad
739 1202 887 1249 quarn
919 1186 1128 1234 formam
1149 1188 1344 1235 virtutis
1371 1187 1453 1234 ille
1478 1198 1611 1236 tenet

261 1263 430 1310 animo
464 1263 612 1326 prius,
639 1273 692 1310 ut
730 1264 794 1310 ita
839 1263 1011 1319 dicam,
1059 1263 1252 1311 reducta
1291 1275 1337 1311 et
1375 1280 1608 1328 expressa.

262 1338 381 1393 Quo
413 1339 561 1403 igitur
597 1339 914 1387 excellentius
948 1341 1194 1404 scriptoris
1229 1341 1484 1404 ingenium
1523 1353 1608 1398 est,

262 1431 321 1464 eo
336 1417 499 1480 magis
526 1417 819 1464 vitiosorum
844 1416 1110 1464 hominum
1133 1433 1259 1480 quos
1288 1417 1370 1465 ille
1391 1417 1612 1482 depingit

261 1493 531 1557 genuinam
563 1492 923 1540 deformitatem
959 1494 1194 1557 patefacit.
1228 1495 1354 1541 Nam
1390 1494 1447 1542 ad
1477 1506 1613 1543 natu·

262 1585 365 1618 ram
414 1570 734 1618 vitiositatem
787 1572 1054 1634 exprimere
1107 1587 1208 1618 non
1264 1581 1438 1635 potest,
1490 1573 1608 1635 quin

262 1646 546 1694 deformitas
596 1646 738 1710 plane
789 1647 1051 1711 detegatur.
1108 1647 1226 1695 Inde
1273 1648 1330 1695 fit
1379 1659 1433 1695 ut
1483 1649 1611 1712 apud

219 1773 224 1777 ,
261 1724 536 1779 Racinium‚
565 1723 855 1771 Cornelium
883 1723 1262 1788 Moleriumque‚
1294 1741 1402 1772 vere
1431 1726 1612 1782 vitiosi,

262 1816 359 1864 qua
374 1801 604 1864 pravitate
628 1811 758 1856 sunt,
785 1817 1042 1864 nunquam
1064 1818 1154 1849 nos
1176 1802 1231 1849 ad
1259 1818 1362 1849 sese
1383 1801 1609 1850 alliciant.

263 1876 356 1925 Sed
406 1878 455 1924 in
500 1888 596 1924 arte
646 1878 749 1941 ipsa
794 1877 850 1924 ad
899 1879 1092 1926 virtutis
1133 1880 1459 1942 integritatem
1503 1896 1613 1943 ope-

229 1955 424 2017 ,risque
483 1954 792 2002 honestatem
845 1954 1128 2002 servandam
1198 1972 1298 2002 non
1371 1957 1485 2003 satis
1540 1967 1612 2004 est

263 2030 501 2094 praesidii.
553 2031 759 2078 Necesse
808 2042 878 2078 est
924 2032 1069 2079 etiam
1124 2043 1191 2087 ut,
1240 2032 1367 2096 apud
1417 2034 1613 2097 scripto-

263 2123 379 2163 rem,
398 2107 628 2155 voluntas
644 2124 759 2154 sana
776 2119 1062 2171 rectumque
1080 2110 1389 2172 propositum
1406 2110 1609 2157 accedat.

260 2184 374 2231 Non
421 2184 554 2248 quod
597 2201 621 2232 e
668 2184 984 2248 scriptoribus
1025 2187 1242 2249 exigatur
1281 2187 1445 2233 nescio
1487 2203 1612 2249 quae

261 2260 555 2326 objurgandi
594 2272 639 2308 et
674 2261 910 2308 edocendi
939 2262 1148 2326 jactatio,
1179 2278 1302 2325 quae
1340 2260 1400 2310 ne
1429 2264 1476 2309 in
1515 2264 1612 2310 vita

263 2337 466 2401 quidem
503 2349 728 2385 nostrum
776 2338 1230 2402 plerosquedecet,
1266 2339 1449 2387 nedum
1499 2341 1612 2387 artis
1672 2336 1686 2340 ’

263 2414 557 2479 jucunditati
599 2415 854 2479 justaeque
907 2415 1114 2462 libertati
1162 2417 1223 2462 sit
1268 2427 1607 2464 consentanea.

262 2491 509 2547 Attamen,
526 2507 640 2538 cum
666 2492 727 2538 sit
751 2507 838 2546 ars,
861 2491 994 2554 quod
1015 2492 1193 2539 Baconi
1219 2491 1386 2556 placet,
1407 2512 1429 2538 ε(
1454 2493 1608 2540 homo

321 2632 336 2660 1
346 2651 356 2660 .
389 2620 469 2659 «La
481 2629 591 2660 vertu
606 2621 803 2660 convertit
816 2630 903 2660 tout
915 2634 963 2660 en
980 2620 1088 2670 bien,
1103 2630 1141 2661 et
1152 2621 1187 2661 le
1199 2622 1284 2661 vice
1299 2631 1385 2661 tout
1409 2635 1458 2661 en
1482 2621 1573 2662 mal.
1586 2638 1606 2659 n

263 2678 445 2732 (Boileau
466 2679 486 2718 ὲ
507 2679 795 2733 Monchesnay,
832 2679 969 2733 1707.)
