1930 3294
924 317 1162 361 -52-

474 438 557 478 Elle
578 438 707 487 flotte‚
731 437 804 477 elle
825 438 975 487 hesite3
1002 452 1050 478 en
1077 451 1129 477 un
1154 448 1238 478 mot
1263 438 1336 478 elle
1357 447 1414 478 est
1434 438 1596 487 femme,

1332 517 1385 562 (v·
1410 514 1498 562 876)

360 611 523 658 nescio
556 627 616 657 an
649 609 706 657 de
741 626 892 674 paene
924 611 1166 658 universis
1200 611 1387 659 Racinii
1415 611 1637 674 personis
1664 610 1712 658 id

358 689 535 752 ipsum.
555 687 861 735 confirmem.
899 688 1072 751 Neque
1105 688 1255 751 igitur
1288 689 1471 735 mirum
1506 698 1579 736 est
1611 698 1712 735 tam

357 764 536 812 dubios
580 775 782 827 tamque
837 775 892 812 ut
944 765 1008 812 ita
1062 764 1220 812 dicam
1268 764 1497 812 muliebri
1543 765 1712 812 animo

358 841 589 889 homines
635 858 805 905 parum
855 841 913 889 ad
964 843 1197 889 virtutem
1251 841 1565 905 propendere.
1607 841 1711 889 *Alii

357 920 491 966 enim
524 918 792 982 aliquando
821 936 927 966 eam
956 919 1048 966 sibi
1081 930 1266 983 optant,
1302 935 1461 982 neque
1489 935 1711 982 unquam

357 1007 758 1059 consequuntur;
781 996 862 1043 alii
887 996 945 1044 ad
968 1013 1073 1044 eam
1097 1013 1146 1044 se
1172 995 1418 1060 paulisper
1437 997 1711 1053 conferunt,

357 1085 403 1121 et
429 1073 487 1121 ab
519 1090 572 1120 ea
599 1074 764 1120 statim
799 1075 849 1120 in
879 1084 1171 1137 perpetuum
1202 1073 1448 1120 recedunt.
1478 1072 1711 1137 Perpauci

355 1167 470 1198 vero
498 1167 613 1198 cum
637 1152 817 1198 virtute
845 1151 1129 1198 societatem
1157 1151 1375 1215 jungunt
1402 1149 1643 1198 stabilem.

420 1229 595 1291 Liquet
618 1244 763 1291 porro
786 1229 892 1293 ejus
917 1229 1108 1292 generis
1133 1227 1379 1284 homines,
1409 1244 1523 1275 cum
1556 1246 1579 1272 c<
1608 1244 1708 1275 non

355 1306 568 1353 omnino
612 1304 731 1352 boni
770 1306 931 1361 sint...‚
974 1305 1056 1353 sed
1102 1304 1334 1352 mediocri
1365 1306 1544 1352 virtute
1584 1321 1711 1368 prae-

355 1383 442 1430 diti
475 1389 483 1406 ¹
524 1401 565 1439 >›,
606 1382 763 1446 fragili
802 1381 984 1430 scilicet
1018 1393 1164 1445 atque
1199 1381 1391 1438 caduca,
1427 1398 1531 1429 raro
1566 1382 1711 1429 inno-

354 1461 539 1508 centiae
592 1476 863 1523 proponere
917 1459 1060 1507 nobis
1103 1458 1335 1523 exempla.
1385 1459 1511 1506 Nam
1558 1458 1709 1524 hujus

355 1549 523 1601 poetae
572 1537 820 1585 theatrum
871 1553 923 1584 ex
974 1538 1206 1584 omnium
1250 1535 1488 1584 scelerum
1531 1537 1710 1600 impor-

354 1616 562 1662 tunitate
596 1625 880 1662 concretum
931 1624 1015 1661 est.
1053 1615 1154 1661 Nec
1193 1615 1460 1677 quicquam
1495 1613 1710 1662 Racinia-

354 1708 534 1739 norum
554 1691 823 1739 hominum
853 1708 1014 1739 mores
1037 1692 1199 1738 verius
1221 1692 1441 1739 oratione
1467 1691 1706 1754 exprimit,

353 1785 503 1832 quam
539 1768 662 1816 illud
697 1768 831 1832 quod
870 1779 1015 1832 poeta
1045 1768 1167 1815 olim
1205 1768 1263 1815 de
1297 1768 1562 1832 semetipso
1597 1783 1708 1817 con·

352 1846 511 1894 fessus
538 1857 611 1894 est
637 1863 645 1893 :

661 1960 706 2008 je
728 1971 777 1997 ne
800 1958 872 1997 fais
891 1971 960 2012 pas
979 1958 1015 1997 le
1036 1957 1126 1997 bien
1149 1971 1226 2012 que
1247 1958 1393 2011 j’aime,

659 2025 708 2063 Et
726 2024 762 2077 je
786 2023 857 2063 fais
877 2023 913 2062 le
931 2023 1010 2063 mal
1031 2037 1108 2077 que
1131 2024 1167 2077 je
1185 2023 1285 2063 bais.
1303 2031 1318 2049 ²

414 2149 532 2197 lnde
572 2149 629 2196 fit
674 2160 729 2196 ut
771 2159 818 2196 et
857 2147 1094 2212 praeclara
1126 2147 1208 2195 illa
1235 2158 1497 2212 praecepta,
1523 2146 1706 2210 quibus

351 2226 566 2274 Cornelii
624 2225 895 2290 tragoediae
964 2225 1159 2273 refertae
1217 2235 1348 2280 sunt,
1418 2240 1522 2271 raro
1576 2223 1704 2287 apud

348 2304 607 2352 Racinium
642 2314 914 2367 appareant,
943 2314 989 2350 et
1022 2303 1162 2366 copia
1186 2303 1514 2366 pessimorum
1550 2317 1706 2348 exem-

350 2380 548 2444 plorum
575 2380 654 2427 hic
682 2391 919 2444 suppetat.

414 2457 506 2505 Sed
533 2468 715 2514 tamen,
744 2458 783 2505 si
807 2474 908 2504 rem
930 2472 1115 2504 versare
1141 2467 1187 2503 et
1219 2455 1439 2519 undique
1467 2455 1702 2518 inspicere

347 2534 667 2590 voluerimus,
726 2551 779 2582 ea
837 2533 1040 2597 quidem
1096 2534 1395 2597 reperientur
1445 2548 1568 2595 quae
1615 2547 1701 2595 pro
1744 2550 1756 2557 ¹

405 2696 438 2722 1.
471 2684 520 2722 V.
542 2682 728 2722 Androm.
751 2683 920 2735 primam
949 2681 1110 2735 praefat.

401 2754 440 2781 2.
469 2742 519 2782 V.
539 2741 689 2796 Cantiq.
704 2741 823 2796 spirit.
