1930 3294
739 214 759 216 ‘⁷
818 221 964 295 -4‘57
997 263 1056 270 —

183 340 368 396 “vero
406 348 524 412 quid
558 349 789 412 suspicari
824 360 952 396 vetat
985 349 1302 397 Bossuetium
1343 351 1524 413 ipsum,
1561 350 1600 397 si

34 418 41 429 '
163 416 166 417 ⁷
238 419 459 488 ⁴quidem
485 424 565 473 hic
588 436 730 489 poeta
758 442 890 474 unus
907 426 1192 474 eveteribus
1213 426 1401 482 fuisset,
1424 427 1605 490 primas

176 496 194 538 ὲ
254 501 301 550 ei
332 501 610 550 delaturum
651 503 802 550 fuisse
829 503 954 550 inter
988 519 1164 550 omnes
1202 504 1287 566 qui
1331 503 1604 568 juventutis

240 578 418 627 'studia
449 578 665 627 excolere
704 581 947 644 possent?
979 580 1120 636 Nam,
1164 579 1294 643 apud
1329 580 1603 636 Racinium,

183 673 190 675 ⁴
256 665 358 703 tam
406 655 529 704 bene
579 656 795 720 profecto
839 657 878 704 si
919 651 1020 704 non
1064 656 1243 704 melius
1288 673 1439 720 quam
1475 656 1604 721 apud

173 766 185 774 -
254 730 561 789 Terentium,
604 733 747 797 cujus
803 732 1006 796 quidem
1052 749 1196 797 opera
1239 734 1360 781 tanti
1400 733 1603 782 faciebat

254 808 492 857 Ludovici
520 801 755 874 Delphini
781 822 1073 874 praeceptor,
1102 811 1306 875 juvenes
1339 829 1364 855 ε(
1391 811 1604 858 suaviter

260 904 285 931 α
320 897 467 950 atque
508 886 693 934 utiliter
730 886 896 934 ludere
924 894 1140 949 possunt:
1169 902 1414 950 magnaque
1439 903 1489 935 se
1523 886 1603 937 hic

258 981 284 1008 α
321 979 483 1010 rerum
519 962 851 1011 humanarum
888 963 1110 1027 exempla
1145 964 1369 1026 praebent,
1410 965 1602 1012 intuen-

259 1058 286 1086 α
319 1039 455 1088 tibus
507 1039 701 1088 fallaces
739 1040 1055 1104 voluptatum
1106 1057 1159 1088 ac
1199 1040 1604 1088 muliercularum

58 1126 70 1141 ¹
134 1108 137 1109 ⁷
207 1152 210 1154 -
259 1115 570 1166 «illecebras
630 1117 868 1179 (Roxane,
926 1118 1055 1179 etc),
1117 1116 1600 1165 adolescentulorum

243 1213 284 1239 γα
321 1193 618 1258 impotentes
651 1205 699 1241 et
730 1210 897 1242 caecos
934 1195 1148 1258 impetus
1182 1193 1436 1257 (Pyrrhus,
1464 1195 1604 1257 etc.);

259 1289 285 1316 α
312 1269 558 1318 lubricam
603 1282 805 1318 aetatem
853 1287 1104 1318 servorum
1155 1271 1437 1319 ministeriis
1468 1271 1608 1334 (Nar-

258 1366 284 1392 α
320 1347 468 1409 cisse)
489 1359 636 1411 atque
657 1342 950 1395 adulatione*
964 1364 1047 1412 per
1065 1347 1204 1395 devia
1228 1349 1603 1412 praecipitatam,

259 1443 284 1470 α
320 1435 430 1472 tum
457 1426 560 1472 suis
593 1426 882 1488 exagitatam
909 1425 1152 1473 erroribus
1184 1425 1424 1488 (Oreste),
1457 1435 1619 1488 atque·

259 1520 284 1547 α
321 1501 573 1550 amoribus
590 1503 852 1549 cruciatam
878 1502 1212 1564 (Hermione),
1236 1518 1323 1549 nec
1346 1503 1439 1550 nisi
1466 1503 1605 1549 mira-

259 1597 284 1624 «
320 1577 436 1626 culo
460 1578 733 1643 expeditam
766 1579 975 1641 (Titus),
1009 1579 1089 1625 vix
1114 1578 1313 1626 tandem
1343 1579 1605 1642 conquies-

258 1674 285 1700 ι
315 1667 509 1704 centem
536 1655 620 1703 ubi
655 1655 714 1702 ad
753 1655 975 1703 officium
1018 1655 1222 1702 redierit.
1258 1656 1348 1702 Hic
1375 1671 1603 1711 ‘morum,

259 1751 283 1778 α
322 1731 402 1780 hic
421 1731 743 1789 aetatum„hic
759 1731 1086 1795 cupiditatum
1110 1743 1334 1779 naturam
1356 1748 1382 1779 a
1403 1748 1604 1780 summo

259 1828 284 1854 α
320 1809 501 1858 artifice
528 1825 825 1872 expressam;
846 1809 905 1856 ad
928 1808 1043 1856 haec
1059 1825 1377 1873 personarum
1394 1809 1604 1856 formam

259 1905 284 1932 α
320 1903 374 1934 ac
425 1885 735 1942 lineamenta,
781 1902 1021 1948 verosque
1078 1902 1343 1942 sermones,
1391 1885 1605 1949 denique

213 1979 218 1982 ·
260 1982 285 2009 α
318 1973 588 2011 venustum
645 1962 769 2010 illud
810 1979 862 2010 ac
910 1962 1101 2018 decens,
1146 1979 1247 2026 quo
1300 1963 1413 2010 artis
1460 1978 1606 2026 opera

187 2086 190 2087 γ
243 2059 285 2091 A«
321 2039 702 2088 commendetur
724 2047 751 2086 ¹.
777 2059 800 2084 ))

296 2153 302 2157 »γ
321 2116 676 2165 Terentiumne
696 2133 756 2164 an
781 2117 1040 2165 Racinium
1067 2127 1294 2164 nostrum
1315 2116 1605 2163 Bossuetius

257 2195 323 2242 ita
348 2193 584 2258 praeclare
612 2193 813 2241 laudat?
843 2194 1033 2257 Nempe
1056 2192 1115 2240 de
1140 2192 1374 2240 Terentio
1400 2193 1606 2256 scriptor

256 2287 311 2319 ea
343 2270 578 2334 loquitur.
616 2269 708 2318 Sed
746 2281 910 2318 tamen
947 2269 1110 2333 quoad
1154 2286 1254 2316 non
1286 2270 1426 2316 certis
1468 2285 1605 2333 argu·

226 2348 438 2399 ‚mentis
489 2347 882 2395 demonstratum
922 2347 1012 2394 erit
1066 2347 1254 2394 Racinii
1303 2345 1604 2410 tragoediam

257 2423 452 2472 easdem
499 2425 821 2488 cogitationes
883 2423 1155 2487 juventutis
1212 2421 1604 2486 praeceptoribus

257 2517 359 2559 non
406 2517 547 2565 posse
595 2501 804 2565 injicere,
850 2516 1010 2562 neque
1057 2499 1280 2546 eamdem
1331 2498 1389 2546 ad
1441 2514 1601 2546 mores

315 2684 350 2712 1.
377 2672 435 2711 De
453 2670 678 2711 institutione
696 2669 887 2724 Delphini,
910 2670 963 2709 ΙΙΙ
982 2669 1165 2722 (mutatis
1180 2668 1414 2720 mutandis).
