1930 3294
915 266 1149 307 -53—

349 374 479 421 diam
505 391 726 437 unquam
756 386 1062 438 recepturum
1082 381 1092 398 ¹
1124 394 1164 431 >),
1195 377 1323 438 quia,
1353 377 1480 424 sicut
1512 378 1699 442 signifi-

349 462 436 507 cat,
465 452 606 498 timet
632 452 848 514 primum
874 467 932 498 ne
953 453 1270 500 «imitatione
1297 452 1411 500 mali
1428 453 1486 501 ad
1512 454 1698 503 malum

347 538 529 575 actores
577 529 761 576 sensim
810 528 1114 576 adducantur
1160 548 1201 586 »‚
1249 529 1362 577 dein
1411 547 1470 578 ne
1537 550 1560 576 <a
1608 532 1698 580 ista

346 604 619 668 voluptaria
658 606 818 669 poesis
853 607 1070 669 optimos
1105 607 1236 654 viros
1265 607 1396 670 ipsos
1437 607 1697 656 deteriores

347 682 488 730 faciat
511 700 558 739 »;
591 683 690 730 sive
715 682 844 730 idem
874 683 1026 747 rejicit
1053 694 1098 730 et
1127 684 1240 731 istas
1272 683 1445 731 theatri
1470 683 1699 733 lamenta-

346 760 520 815 tiones,
561 779 583 817 (ς
616 776 738 823 quae
776 761 824 806 in
862 759 1004 807 nobis
1033 760 1313 809 molliorem
1347 763 1698 826 vanioremque

348 837 730 884 misericordiam
773 838 982 884 excitant
1022 856 1044 882 ›>
1086 837 1162 886 vel
1207 857 1229 883 ‹<
1278 838 1420 886 istam
1461 838 1696 888 lubricam

345 913 614 962 voluntatis
681 914 739 961 ad
798 914 1057 962 ridendum
1114 917 1496 979 propensionem
1548 935 1590 973 ³),
1634 945 1697 952 -—

347 992 517 1054 utique
552 992 841 1039 Bossuetius
883 1008 983 1039 non
1013 993 1233 1040 continet
1260 1009 1309 1040 se
1335 993 1392 1041 ab
1423 992 1695 1042 admodum

344 1069 670 1124 assentiendo,
711 1068 1012 1132 Platoneque
1074 1069 1204 1117 haud
1261 1070 1492 1118 mediocri
1543 1072 1699 1119 utitur

344 1145 577 1210 adjutore.
601 1147 758 1202 Recte,
777 1163 882 1193 mea
902 1146 1103 1210 quidem
1127 1148 1519 1213 sententia,facit.
1535 1149 1695 1196 Nemo

344 1224 476 1270 enim
506 1224 629 1271 inter
656 1240 870 1287 paganos
894 1223 1040 1272 altius
1069 1241 1168 1271 rem
1196 1226 1417 1289 inspexit,
1448 1225 1696 1274 indicavit-

343 1317 437 1363 que
472 1300 720 1348 sollertius
751 1301 925 1348 theatri
964 1301 1297 1349 occultissima
1331 1319 1554 1366 quaeque
1579 1304 1696 1367 peri-

336 1377 465 1424 cula.

399 1456 506 1515 Jam
527 1472 641 1502 vero
667 1472 781 1503 cum
805 1457 871 1503 sic
891 1455 1164 1503 humanam
1182 1457 1469 1520 sapientiam
1491 1457 1695 1521 scriptor

341 1543 412 1580 est
462 1532 733 1580 obtestatus
791 1534 1117 1596 animumque
1172 1533 1365 1582 lectoris
1413 1534 1468 1581 ad
1519 1533 1692 1582 theatri

341 1610 735 1673 reprobationem
774 1611 934 1673 primo
968 1612 1279 1674 comparavit,
1326 1622 1445 1659 tunc
1486 1611 1691 1659 demum

340 1686 421 1734 illa
459 1688 743 1751 gravissima
785 1689 1068 1735 testimonia
1120 1704 1242 1751 quae
1277 1687 1448 1736 theatri
1480 1689 1692 1736 fautores

338 1781 586 1827 opponere
602 1764 824 1812 solebant
839 1764 1023 1812 diluere
1047 1766 1229 1812 statuit.
1247 1765 1415 1813 Plures
1438 1767 1572 1813 enirn
1589 1782 1691 1814 non

342 1841 574 1889 fefellerat
602 1859 703 1889 non
733 1858 908 1889 omnes
940 1843 1100 1890 Patres
1137 1842 1419 1890 doctoresve
1458 1842 1692 1891 Christia-

339 1935 430 1966 nos
490 1919 713 1966 eamdem
774 1921 822 1966 in
882 1919 1071 1967 theatro
1131 1919 1413 1968 adhibuisse
1474 1921 1692 1968 severita-

336 2007 450 2052 tem,
502 1996 774 2044 nonnullos
826 1998 972 2044 etiam
1028 2013 1201 2044 eorum
1261 2014 1314 2044 ea
1363 1997 1420 2045 de
1467 2014 1514 2045 re
1548 1997 1691 2045 verba

336 2073 504 2121 fecisse
574 2091 698 2137 quae
758 2073 889 2121 haud
952 2075 1102 2121 nimis
1160 2091 1425 2138 operosum
1494 2085 1691 2123 temera-

336 2151 580 2214 riumque,
616 2152 691 2199 sin
728 2152 895 2198 minus
919 2151 1093 2198 theatri
1122 2153 1407 2215 patrocinio,
1436 2163 1483 2199 at
1517 2151 1688 2200 saltem

336 2227 530 2275 cuidam
557 2229 836 2292 purgationi
862 2239 1044 2276 vertere
1059 2228 1317 2276 videretur.

399 2359 465 2405 Ex
506 2359 563 2406 iis
604 2375 717 2405 vero
758 2358 1040 2406 auctoribus
1081 2375 1295 2422 quorum
1325 2360 1529 2406 nomina
1556 2374 1689 2423 prae-

334 2435 613 2491 tendebant,
642 2435 811 2483 nullus
843 2436 1058 2500 profecto
1080 2446 1212 2483 tanta
1239 2436 1522 2483 auctoritate
1551 2435 1688 2484 flore-

335 2511 414 2559 bat
441 2523 623 2576 quanta
654 2532 676 2557 «
707 2512 912 2561 Scholae
946 2512 1168 2577 Angelus
1206 2532 1247 2569 )>,
1279 2513 1464 2560 mediae
1503 2511 1687 2560 scilicet
1754 2542 1761 2549 ·

333 2591 499 2637 aetatis
526 2589 936 2653 praeclarissimus
972 2589 1315 2654 philosophus,
1351 2590 1460 2637 dico
1499 2590 1684 2637 Divum

387 2721 419 2747 1.
452 2709 508 2747 De
529 2707 695 2762 Rapum„
719 2708 788 2748 lib.
812 2709 863 2757 X,
888 2709 1026 2767 111.-7
1046 2708 1108 2748 Cf.
1127 2732 1178 2737 —-
1198 2708 1400 2756 Maximes,
1424 2709 1531 2748 XIV.
