1930 3294
808 216 1071 295 —29-·

245 350 474 415 ambigue
489 351 563 398 vel
586 362 743 414 aperte
765 350 889 397 dicta
907 368 916 406 ;
935 350 1015 397 sed
1040 366 1091 397 ea
1119 351 1422 413 paucissima,
1446 352 1589 397 etiam

245 426 489 475 levissima
514 427 803 492 judicamus,
833 427 953 474 dum
981 443 1322 490 comparamus
1359 443 1472 474 cum
1508 428 1593 474 im-

246 504 436 552 mundo
464 505 807 568 spurcitiarum
838 503 1082 567 profluvio
1110 503 1243 567 quod
1272 515 1345 550 tot
1381 503 1588 551 aliorum

245 592 498 645 poetarum
527 580 804 628 comoedias
833 581 1074 644 inquinat.
1103 581 1215 627 Non
1245 580 1378 643 quod
1402 597 1592 628 exeusa—

244 658 378 705 tione
401 657 652 721 paucitatis
669 657 854 705 Molerii
877 657 1122 720 impudica
1148 657 1274 704 dicta
1301 657 1584 714 defendam;

244 736 575 799 semperenim
590 746 705 782 sunt
720 735 869 782 nimis
883 733 1170 797 multaquae
1183 733 1443 782 offendunt
1452 750 1590 782 aures

245 827 402 875 puras,
430 823 476 859 et
500 828 600 875 quo
624 811 945 859 verecundior
968 810 1413 874 consideratiorque
1445 810 1587 874 quili—

245 888 323 936 bet
340 900 478 952 poeta
500 900 584 942 est,
608 905 665 935 eo
689 889 842 952 magis
859 889 1094 935 miramur
1111 899 1158 935 et
1171 889 1364 951 gravius
1386 888 1588 936 ferimus

242 965 376 1029 quod
405 965 654 1013 illiberalia
675 976 722 1012 et
743 965 935 1013 sordida
961 965 1104 1012 verba
1125 981 1248 1028 quae
1273 975 1466 1012 tantum
1495 981 1588 1013 suo

242 1043 443 1107 ingenio
476 1042 748 1106 discrepent
776 1043 825 1089 in
855 1059 903 1090 se
932 1058 1296 1105 nonnunquam
1345 1041 1582 1089 admittat.

243 1119 320 1168 Sic
349 1120 398 1167 in
425 1119 686 1167 Molerium
714 1119 948 1166 Molerius
975 1120 1074 1182 ipse
1115 1130 1330 1166 nostram
1372 1120 1589 1166 severita-

244 1206 341 1244 tem
371 1195 579 1260 impellit
624 1207 670 1243 et
702 1207 859 1260 auget.
894 1195 986 1243 Sed
1024 1195 1265 1242 idcircone
1299 1212 1414 1243 eum
1448 1195 1587 1243 habe-

242 1273 406 1322 bimus
441 1274 605 1320 nescio
658 1289 806 1336 quem
856 1272 1111 1320 sordidum
1162 1271 1452 1319 histrionem
1500 1274 1584 1336 qui

241 1366 443 1398 ornnem
474 1349 751 1397 machinam
780 1349 1004 1396 adhibeat
1027 1360 1080 1396 ut
1104 1349 1239 1413 vulgi
1270 1350 1392 1396 risus
1430 1361 1586 1413 captet

242 1438 289 1476 et
330 1438 581 1490 tamquam
608 1426 748 1490 plena
776 1443 926 1474 manu
948 1426 1207 1474 verborum
1236 1426 1585 1474 obscenitatem

242 1504 537 1568 profundat?
562 1504 628 1552 Ut
651 1521 676 1550 a
710 1503 792 1550 tali
834 1503 1114 1551 recedamus
1148 1519 1303 1551 errore
1347 1504 1462 1550 satis
1499 1515 1583 1559 est,

241 1597 431 1636 censeo,
471 1580 757 1644 quamlibet,
794 1597 893 1627 non
932 1571 1040 1627 dico
1079 1579 1137 1627 de
1174 1579 1492 1643 amplissimis
1540 1591 1587 1627 et

242 1658 603 1726 perfectissimis
625 1657 814 1705 Molerii
836 1656 1119 1712 comoediis,
1141 1657 1222 1704 sed
1238 1657 1296 1704 de
1325 1657 1585 1704 levissimis

240 1736 386 1783 etiam
413 1734 600 1783 fabellis
625 1751 744 1798 quas
776 1733 970 1782 liberior
1008 1735 1113 1798 ejus
1147 1735 1311 1781 emisit
1337 1734 1584 1790 festivitas,
1645 1743 1649 1745 ’

242 1813 444 1860 strictim
486 1828 635 1859 unam
672 1812 919 1875 attingere.
947 1811 1073 1858 Nam
1101 1810 1150 1857 in
1201 1810 1276 1858 his
1318 1810 1505 1874 opellis,
1534 1812 1583 1858 in

242 1889 424 1952 quibus
440 1899 693 1952 poetarum
705 1889 1007 1935 comicorum
1025 1889 1307 1951 protervitas
1323 1905 1374 1935 ac
1393 1887 1584 1935 lascivia

243 1965 456 2013 habenas
492 1966 587 2013 fere
617 1965 886 2012 laxissimas
933 1964 1090 2020 habet,
1114 1964 1349 2012 Molerius
1397 1981 1586 2028 semper

241 2042 457 2106 aliquem
492 2042 691 2106 pudoris
724 2053 856 2089 tenet
899 2042 1119 2088 modum.
1164 2041 1280 2088 Inde
1327 2041 1382 2088 fit
1434 2052 1500 2097 ut,
1540 2039 1582 2089 ‘si

242 2136 389 2184 quem
415 2120 521 2184 ejus
550 2121 762 2166 mimum
789 2125 798 2142 ¹
830 2135 942 2166 cum
967 2118 1287 2182 amplioribus
1314 2118 1583 2165 comoediis

241 2197 564 2252 conferamus,
593 2195 751 2243 multo
783 2197 1110 2259 procaciorem
1148 2212 1261 2242 sane
1309 2194 1584 2259 judicemus

241 2290 390 2337 quarn
431 2284 672 2321 accuratas
721 2272 1013 2328 comoedias,
1055 2273 1387 2335 miremurque
1437 2273 1582 2319 etiam

239 2350 372 2414 quod
418 2367 576 2398 unum
619 2361 665 2397 et
706 2349 833 2396 idem
877 2350 1133 2413 ingenium
1174 2360 1272 2396 tam
1319 2348 1583 2396 dissimiles

239 2427 424 2475 fructus
469 2427 669 2490 ediderit
698 2432 728 2473 ².
771 2427 855 2473 Sin
897 2437 1076 2481 autem,
1126 2425 1246 2473 dum
1289 2425 1346 2472 ab
1395 2426 1582 2489 origine

240 2504 460 2569 ejusdem
477 2505 798 2551 mimiortum
831 2504 1108 2566 repetimus,
1133 2503 1420 2566 inspicimus
1452 2501 1581 2550 unde

300 2647 330 2673 1.
365 2635 468 2674 Inter
487 2648 556 2673 eos
576 2634 644 2687 qui
669 2633 851 2673 dicuntur
870 2632 1008 2686 gallice
1027 2648 1047 2668 «
1074 2632 1194 2671 farces
1216 2649 1252 2670 ».

295 2706 332 2733 2.
364 2692 427 2733 Cf.
451 2692 481 2732 le
498 2692 747 2746 Misanthropc
767 2701 805 2732 et
822 2691 853 2731 lc
873 2690 1037 2731 Me'dccin
1062 2691 1200 2745 malgrc'
1222 2690 1290 2730 lui.
