1930 3294
851 253 1088 297 „14-

288 353 445 399 utitur
470 358 530 398 ¹...
559 370 600 398 ³).
620 349 892 399 Comoedia
913 366 1027 398 vero
1052 366 1154 398 non
1179 351 1244 398 ita
1269 350 1643 398 matrimonium

290 428 480 492 effingit
508 438 562 475 ut
589 427 748 475 officia
783 443 907 491 quae
943 428 993 474 in
1022 443 1080 475 eo
1111 427 1344 475 servanda
1369 438 1487 475 sunt
1518 438 1644 491 pate-

292 506 443 552 faciat.
485 506 651 568 Longe
696 504 828 551 aliud
869 516 940 552 est
965 515 1134 568 poetae
1164 506 1488 568 propositum.
1517 505 1644 551 Nam

295 582 429 645 quod
492 583 690 645 nuptiae
754 581 1105 629 tantummodo
1159 581 1312 629 finem
1363 580 1646 630 comoediae
1708 613 1716 621 ·

295 660 480 706 faciunt
496 675 655 722 neque
672 660 826 722 ipsam
843 659 1119 722 argumenti
1134 659 1383 706 materiam
1403 657 1645 722 praebent,

295 754 350 784 ex
379 754 437 784 co
475 736 676 799 quidem
713 735 1027 800 probabiliter
1050 737 1283 799 suspicari
1307 746 1467 799 potest
1496 734 1569 783 nil'
1590 736 1640 783 in

297 815 482 877 nuptiis
508 815 624 877 ipsis
653 814 766 861 satis
794 824 985 877 gratum
1010 824 1179 877 poetae
1202 812 1364 860 videri.
1387 813 1500 860 Non
1528 828 1648 876 nup-

294 892 384 939 tias
430 892 592 955 igitur,
644 891 726 938 sed
765 890 983 939 nubendi
1019 889 1275 937 libidinem
1324 900 1434 937 ante
1474 888 1647 937 oculos

296 979 490 1015 nostros
518 969 761 1032 proponit.
800 987 822 1013 c<
850 969 980 1015 Haec
1004 983 1120 1015 vero
1148 978 1253 1015 tam·
1276 966 1434 1014 dulcis
1461 983 1514 1014 ac
1541 967 1648 1014 faci-

296 1045 355 1093 lis
398 1045 454 1092 ad
490 1061 708 1092 amorem
750 1046 1029 1108 propensio,
1080 1061 1133 1092 ea
1170 1060 1347 1108 nempe
1385 1054 1456 1092 est
1496 1060 1646 1107 quarn

294 1123 462 1170 sentiri
487 1139 539 1170 ac
565 1122 755 1186 probari
786 1122 928 1169 nobis
951 1133 1093 1186 poeta
1114 1121 1234 1169 vult.
1261 1121 1403 1170 Unde
1427 1121 1648 1184 sequitur

296 1199 526 1247 eumdem
565 1216 670 1246 eam
706 1201 1007 1255 servitutem,
1046 1215 1170 1262 quae
1206 1215 1321 1246 cum
1359 1214 1415 1246 ex
1450 1209 1646 1262 peccato

297 1287 401 1324 orta
443 1278 505 1324 sit
557 1276 614 1324 ad
674 1287 926 1340 peccatum
995 1275 1212 1332 inclinat,
1264 1275 1408 1323 nobis
1458 1274 1648 1339 probari

295 1354 420 1401 velle
447 1360 508 1401 ²...
542 1373 564 1398 »
596 1354 738 1407 Quae
769 1353 993 1417 probatio
1020 1364 1214 1402 tantum
1240 1352 1374 1400 abest
1402 1353 1456 1400 ut
1478 1363 1650 1400 noceat
1683 1352 1688 1355 ’

298 1431 617 1487 mediocriter,
647 1443 702 1479 ut
737 1442 904 1478 contra
950 1431 1160 1478 maxime
1198 1431 1400 1477 exitiosa
1430 1430 1504 1477 sit.
1541 1428 1647 1476 Nisi

295 1509 418 1556 forte
442 1509 618 1556 veneni
643 1508 840 1556 tarditas
869 1509 1036 1555 minus
1073 1507 1279 1555 exitialis
1315 1506 1465 1554 videri
1491 1506 1646 1562 debet,

296 1585 374 1633 vel
433 1587 549 1648 quia
600 1585 790 1633 occulte
845 1601 1095 1633 venenum
1145 1586 1195 1631 in
1245 1600 1419 1632 sensus
1464 1584 1647 1653 irrepit,

296 1679 353 1710 eo
377 1664 544 1710 minus
572 1662 992 1710 reformidandum
1022 1673 1106 1710 est.
1143 1681 1166 1707 «
1200 1661 1294 1709 Cui
1325 1671 1490 1708 autem
1525 1660 1648 1708 bene

297 1751 603 1804 perspectum
653 1741 715 1787 sit
770 1741 928 1787 inesse
964 1741 1013 1786 in
1055 1739 1322 1786 hominum
1358 1737 1650 1801 praecordiis

299 1817 598 1864 reconditam
628 1813 894 1880 quamdam
931 1818 1084 1864 animi
1112 1816 1364 1880 gestientis
1385 1814 1649 1863 elationem

300 1906 346 1942 et
380 1895 544 1942 nescio
582 1911 730 1957 quam
779 1910 970 1958 semper
1003 1893 1264 1941 sollicitam
1298 1909 1351 1940 ac
1385 1908 1558 1956 vagam
1591 1891 1649 1940 ad

300 1973 516 2035 corporis
573 1970 851 2035 voluptates
906 1971 1305 2034 propensionem,
1364 1986 1475 2032 qua,
1527 1968 1650 2016 dum

301 2048 426 2096 nihil
467 2050 711 2112 cupimus,
755 2049 924 2095 omnia
967 2049 1198 2111 cupimus
1237 2058 1283 2094 et
1330 2057 1574 2110 optamus,
1610 2046 1650 2093 is

298 2125 603 2189 exploratum
620 2125 793 2173 habeat
808 2126 894 2188 qui
911 2126 972 2172 sit
988 2125 1319 2172 maximorum
1335 2133 1648 2187 peccatorum

297 2202 522 2250 occultus
557 2203 670 2250 fons
706 2219 758 2250 ac
785 2218 894 2249 vera
921 2203 1060 2266 origo
1089 2207 1117 2248 ³.
1149 2221 1171 2246 ))
1197 2202 1304 2262 Jam
1331 2216 1446 2248 vero
1473 2210 1650 2248 testem

297 2280 410 2326 citat
449 2280 792 2343 Augustinum
842 2281 942 2343 qui,
987 2295 1101 2326 cum
1128 2277 1350 2332 ,nondum
1376 2284 1545 2325 amaret
1578 2275 1651 2325 sed

299 2364 467 2404 amaret
511 2372 673 2412 amare,
713 2357 852 2420 isque
892 2356 950 2404 ab
985 2357 1125 2404 omni
1159 2356 1236 2403 via
1271 2355 1361 2403 sine
1399 2354 1654 2416 muscipulis

302 2433 506 2481 celerius
530 2433 806 2489 declinaret,
836 2434 886 2480 in
921 2449 1042 2496 quas
1080 2431 1381 2496 muscipulas
1417 2429 1654 2495 gestiebat

362 2583 395 2608 1.
429 2568 795 2618 ContraJulianum,
819 2570 891 2608 ΙΙΙ.
914 2541 1011 2622 Cap.
1034 2569 1144 2617 XXI,
1165 2578 1209 2607 n0
1225 2580 1292 2617 42.

359 2642 396 2668 2.
427 2628 626 2677 Maximes,
648 2629 717 2667 VI.

361 2699 396 2737 3.
427 2686 625 2737 Maximes,
640 2687 751 2728 VIII.
