1930 3294
850 271 1084 315 „32-

288 372 526 435 Equidem
562 381 755 434 poetam
803 369 967 424 fateor,
1022 370 1060 416 si
1108 372 1228 417 forte
1271 369 1442 416 accidit
1482 381 1536 417 ut
1584 370 1632 416 in

288 448 560 496 comoediis
599 447 762 510 aliqua
803 446 933 494 bona
976 447 1095 493 ratio
1141 446 1266 493 male
1312 445 1386 493 vel
1436 445 1635 494 ridicule

290 525 566 590 explicetur,
622 541 721 572 non
787 524 1162 587 praetermittere
1226 540 1448 586 unquam
1515 524 1635 587 quin

291 602 513 651 eamdem
548 618 743 649 causam
780 601 904 648 bene
949 618 1000 648 ac
1039 601 1244 665 graviter
1279 600 1360 648 alii
1405 617 1638 664 personae

293 680 491 728 mandet
517 678 889 727 defendendam.
912 678 1063 732 Quod
1084 677 1229 742 longe
1246 694 1384 725 secus
1399 689 1485 734 est,
1507 676 1638 724 haud

292 759 482 822 ignoro,
518 758 567 804 in
597 756 693 804 illis
722 755 841 803 locis
871 755 954 803 ubi
991 755 1113 803 forte
1147 755 1204 802 de
1238 754 1511 819 Relligione
1543 754 1640 802 bre-

290 836 413 882 viter
438 845 484 881 et
513 834 721 882 strictim
757 844 997 880 tractatur.
1034 832 1161 879 Nam
1195 849 1309 879 cum
1348 831 1640 896 perridicule

291 911 581 975 Arnolphus
645 910 906 974 calefactam
973 910 1144 957 αῐπεηαι
1216 909 1500 965 obtestatur,
1563 908 1639 956 vel

292 988 602 1054 Sganarellus
624 988 898 1036 Monachum
916 999 1135 1034 morosum
1160 993 1190 1042 ²,
1210 986 1276 1034 nil
1300 987 1511 1034 omnino
1531 997 1639 1034 tum
1680 1028 1681 1031 ,

293 1066 621 1131 Relligionem
670 1065 853 1112 invidia
903 1075 987 1112 aut
1026 1063 1196 1111 saltem
1245 1047 1449 1112 ridiculo
1502 1063 1639 1110 levat.

294 1145 503 1193 Crimini
533 1144 681 1207 igitur
722 1154 889 1206 poetae
920 1153 1166 1189 vertamus
1204 1141 1353 1205 quod,
1387 1140 1643 1188 nonnullis

295 1221 430 1278 locis,
462 1220 790 1285 Relligionem
826 1221 874 1266 in
910 1219 1172 1267 discrimen
1220 1218 1499 1266 alterutrius
1530 1217 1667 1265 stul-¹

294 1300 399 1346 titia
442 1298 702 1346 adductam
741 1298 954 1344 inimicis
983 1296 1195 1344 ludibrio
1227 1313 1330 1344 esse
1367 1296 1507 1343 sinat.
1550 1294 1663 1343 Sed.

296 1394 355 1424 ne
377 1376 716 1424 existimemus
756 1386 919 1422 tamen
949 1375 991 1421 ei
1030 1373 1351 1421 deliberatum
1384 1384 1429 1420 et
1465 1373 1646 1420 consti-

294 1465 460 1501 tutum
508 1469 609 1500 esse
660 1452 950 1516 Relligionis
994 1451 1290 1498 imminuere
1337 1451 1642 1515 dignitatem.

293 1531 363 1578 Ac
406 1531 685 1595 praesertim
739 1546 797 1576 ne
847 1530 1060 1593 gratuito
1106 1528 1164 1575 de
1213 1527 1488 1592 Relligione
1540 1527 1645 1592 ejus

296 1607 470 1656 delicta
498 1606 902 1671 multiplicemus.

359 1686 687 1733 Perniciosius
728 1700 842 1731 vero
871 1683 928 1731 de
967 1682 1242 1747 Relligione
1271 1693 1414 1746 poeta
1448 1682 1645 1737 meruit,

297 1780 410 1811 cum
429 1762 562 1810 illam
582 1762 791 1809 confecit
814 1760 1031 1809 fabulam
1051 1761 1127 1808 cui
1159 1776 1341 1807 nomen
1370 1758 1649 1807 inscribitur

304 1840 507 1903 Tartuffe.
540 1839 683 1887 Haud
720 1840 894 1903 ignoro
923 1837 1123 1902 quidem
1153 1839 1292 1885 omni
1324 1853 1416 1900 ope
1453 1837 1649 1900 scripto-

298 1934 399 1966 rem
430 1934 532 1965 esse
569 1918 771 1964 enixum
800 1927 854 1964 ut
893 1932 942 1963 se
987 1915 1045 1963 de
1082 1914 1291 1962 consilio
1337 1924 1562 1978 purgaret
1603 1923 1650 1960 et

299 1996 538 2042 rationem
584 1994 694 2041 facti
742 1993 975 2057 probaret.
1015 1993 1186 2056 Neque
1237 2009 1314 2039 me
1358 1992 1484 2056 fugit
1534 2007 1647 2038 eum

297 2072 476 2120 vidisse
496 2083 563 2128 ut,
590 2073 639 2118 in
664 2070 747 2118 illa
762 2070 964 2134 quidem
989 2069 1258 2125 comoedia,
1281 2069 1437 2133 pravis
1461 2078 1651 2116 senten—

300 2150 380 2197 tiis
396 2150 550 2197 bonas
575 2166 627 2196 ac
647 2148 919 2212 probandas
936 2158 1122 2195 mature
1138 2157 1420 2211 opponeret.
1441 2146 1511 2193 Sit
1535 2161 1649 2192 sane

300 2226 570 2275 Cleanthus
601 2232 612 2258 ³
642 2225 833 2273 Molerii
862 2226 1016 2289 ipsius
1041 2225 1178 2288 quasi
1208 2234 1502 2287 procurator,
1531 2223 1652 2269 vica-

301 2305 401 2351 rius
453 2321 504 2351 ac
563 2319 674 2350 vera
735 2304 930 2366 imago;
977 2303 1137 2365 sitque
1196 2311 1351 2365 poeta,
1418 2298 1648 2355 concedo,

304 2382 511 2429 minime
570 2382 617 2428 in
679 2380 915 2428 omnibus
967 2378 1338 2426 defensionibus
1404 2376 1648 2424 mendax:

307 2470 680 2514 verumtamem,
709 2457 826 2505 velit
849 2456 973 2504 nolit
994 2457 1209 2519 scriptor,
1226 2454 1552 2519 Relligionem
1567 2452 1651 2500 tali

360 2607 392 2634 1.
428 2589 533 2634 Ecole
552 2594 610 2633 des
630 2596 807 2642 Femmes,
827 2595 898 2641 ΙΙΙ,
920 2607 973 2632 sc.
1000 2605 1038 2632 2.

358 2667 394 2692 2.
428 2656 639 2703 DonJuan,
665 2655 734 2702 ΙΙΙ,
759 2667 813 2693 sc.
840 2666 873 2692 1.

362 2726 395 2763 3.
421 2715 470 2752 V.
496 2713 678 2753 Cleanthi
700 2712 1023 2760 declarationem,
1045 2721 1129 2751 acte
1157 2712 1185 2757 Ι,
1209 2724 1263 2750 sc.
1288 2722 1321 2760 5.
