1930 3294
317 390 505 452 reperiri
556 399 720 452 poetas
760 389 954 451 (poetas
979 389 1173 435 autem?
1201 388 1357 435 immo
1388 388 1663 435 carminum

316 466 547 528 artifices)
574 466 674 528 qui,
704 464 838 512 illam
875 465 1141 528 quamdam
1170 466 1330 528 poesis
1358 463 1664 529 relligionem

317 543 540 591 funditus
563 542 805 597 tollentes,
836 559 936 589 non
967 543 1162 590 virtutis
1193 542 1535 606 patrocinium,
1563 541 1668 590 libi-

316 620 444 667 dinis
462 620 766 667 lenocinium
796 630 1043 682 quaerant.
1066 619 1227 667 Nimis
1246 618 1432 667 multos
1459 618 1664 683 hujusce

317 697 451 745 modi
482 698 722 753 invenias3
763 713 923 760 neque
958 698 1078 744 istos
1106 713 1328 760 unquam
1369 696 1483 743 satis
1510 694 1667 743 detes-

315 775 541 830 tabimur,
579 775 680 838 qui,
718 775 831 821 artis
872 775 1108 821 suavitate
1149 785 1195 821 et
1233 774 1410 837 optimi
1453 773 1664 836 pessima

316 853 643 915 corruptione,
673 862 858 898 tantam
886 852 987 898 vim
1020 850 1230 899 habeant
1269 850 1327 898 ad
1355 866 1666 914 corrumpen-

315 929 404 977 dos
431 930 639 976 animos.
669 930 902 975 Attamen
942 927 1072 976 haud
1116 929 1216 976 scio
1261 945 1321 975 an
1354 929 1474 975 istos
1524 927 1664 990 quasi

316 1007 558 1070 professos
587 1017 633 1053 et
660 1006 910 1070 expeditos
925 1006 1078 1052 animi
1095 1015 1400 1069 corruptores
1418 1004 1662 1052 theatrum

317 1085 483 1131 minus
514 1084 722 1147 patiatur
749 1090 776 1129 ¹.
809 1084 933 1130 Nam
969 1082 1207 1146 quaedam
1239 1081 1460 1130 tenebras
1496 1081 1665 1129 solitu-

315 1161 581 1224 dinemque
643 1160 936 1216 desiderant,
976 1159 1206 1207 homines
1241 1176 1356 1207 vero
1405 1160 1454 1206 in
1502 1175 1662 1206 unum

315 1237 478 1285 locum
531 1238 809 1302 congregati
879 1238 1060 1302 majore
1119 1238 1311 1301 saepius
1372 1235 1663 1284 verecundia

315 1315 532 1363 obstricti
550 1326 680 1363 sunt.
706 1314 857 1369 Quod
892 1315 947 1362 fit
971 1315 1066 1362 fere
1099 1315 1147 1361 in
1177 1314 1390 1370 theatris,
1414 1313 1498 1362 ubi
1514 1314 1660 1361 etiarn

313 1394 622 1441 vitiosissimi
697 1393 952 1456 scriptores
1012 1392 1278 1455 quemdam
1341 1391 1549 1439 modum
1606 1407 1655 1439 se

313 1486 496 1518 servare
533 1469 855 1517 contendunt.
899 1469 1006 1525 Sed,
1037 1469 1272 1532 quicquid
1313 1479 1397 1525 est,
1435 1484 1662 1533 agnosca-

313 1564 426 1595 mus
463 1546 588 1594 hanc
629 1548 793 1594 nescio
833 1563 982 1610 quam
1023 1546 1367 1594 verecundiam
1415 1545 1660 1610 publicam

312 1641 435 1688 quae
478 1626 527 1671 in
569 1623 757 1672 theatro
793 1624 995 1671 excubet
1029 1635 1075 1671 et
1116 1624 1194 1671 cui
1232 1623 1520 1671 mandatum
1557 1639 1660 1671 esse

310 1701 530 1749 videatur
585 1713 639 1749 ut
682 1701 935 1764 prohibeat
986 1701 1369 1749 invidiosissima
1421 1716 1659 1764 quaeque,

313 1796 412 1826 non
432 1780 652 1833 nimiam,
670 1796 726 1826 ex
752 1778 1128 1834 consuetudine,
1154 1777 1380 1825 adhibere
1399 1776 1661 1825 inclemen-

311 1857 443 1910 tiam.
474 1857 686 1910 Quoties
705 1857 839 1903 enim
867 1873 990 1919 quae
1011 1867 1212 1903 vocatur
1231 1855 1449 1903 decentia
1468 1854 1661 1918 publica

312 1934 588 1996 pactionem
618 1950 731 1980 cum
759 1933 1059 1980 obscenitate
1086 1933 1217 1980 facit!
1247 1933 1474 1988 Quoties,
1502 1942 1660 1980 custo-

309 2009 414 2058 diae
471 2009 793 2075 neglegentia,
841 2010 1154 2074 aliquantum
1196 2021 1295 2057 tam
1344 2009 1658 2057 infirmorum

310 2098 561 2150 septorum
616 2087 890 2144 discutitur,
930 2104 1025 2151 qua
1067 2089 1117 2134 in
1155 2103 1348 2134 scenam
1391 2086 1659 2150 perrumpit

310 2165 462 2212 effusa
479 2164 695 2212 licentia!
717 2165 789 2212 Ne
810 2166 958 2228 igitur
976 2164 1194 2212 multum
1215 2165 1321 2212 freti
1344 2165 1501 2212 simus
1521 2162 1657 2227 vulgi

311 2241 397 2289 hac
449 2242 754 2297 verecundia,
796 2258 935 2305 quae,
968 2241 1060 2290 sub
1091 2243 1251 2289 varios
1279 2257 1419 2289 casus
1445 2257 1559 2288 cum
1597 2240 1658 2288 sit

366 2433 398 2459 1.
434 2436 453 2456 «
475 2421 554 2459 Des
580 2420 734 2473 impieS,
758 2420 826 2459 des
851 2419 1088 2467 debauches‚
1118 2419 1187 2459 des
1219 2418 1477 2472 philosophes
1508 2417 1658 2471 profes·

308 2488 392 2518 sant
425 2479 636 2533 (certaines
663 2479 900 2531 doctrines),
923 2476 1089 2518 feraient
1117 2479 1282 2518 horreur
1318 2491 1367 2517 au
1401 2486 1571 2530 parterre
1588 2476 1657 2516 des

308 2538 555 2578 boulevards.
580 2539 633 2577 La
654 2538 679 2577 il
699 2538 782 2578 faut
799 2538 846 2577 de
865 2538 900 2577 la
923 2547 1035 2577 vertu
1056 2551 1109 2578 ou
1133 2537 1180 2577 de
1206 2536 1316 2577 telles
1341 2549 1580 2590 apparences
1608 2535 1656 2575 de
1726 2548 1735 2555 ·

307 2607 418 2637 vertu
439 2611 516 2651 que
534 2598 590 2637 les
608 2607 847 2651 spectateurs
866 2597 923 2651 s’y
945 2598 1122 2651 puissent
1139 2596 1387 2650 meprendre.
1413 2597 1510 2636 Sans
1535 2595 1656 2635 doute

307 2656 362 2696 les
383 2666 621 2710 spectateurs
640 2671 679 2696 se
701 2658 855 2710 preterit
875 2658 896 2695 a
916 2656 1127 2705 l'illusion;
1150 2657 1263 2705 mais,
1285 2656 1510 2709 n’importe,
1528 2654 1554 2694 il
1573 2654 1656 2694 faut

307 2716 353 2755 de
378 2716 413 2755 la
436 2719 567 2756 vertu!
590 2733 609 2753 ›>
630 2717 749 2770 Apud
762 2715 952 2765 Veuillot‚
970 2716 1023 2766 (521
1043 2720 1076 2755 ct
1096 2714 1146 2756 ἰὰ.
