1930 3294
798 291 1089 334 -49—·

0 383 22 455 ξ
62 383 99 441 χ’
123 423 165 448 4„
207 405 332 438 *non
377 390 626 444 miramur,
662 390 818 436 immo
856 390 1179 436 invisissimas
1213 389 1468 437 habemus.
1501 391 1579 438 Sic

219 1234 433 1298 ¹insuper
481 1251 489 1280 :
530 1234 682 1297 ngria
707 1234 834 1296 quasi
868 1233 963 1281 dux
1005 1235 1123 1281 vitae
1161 1241 1220 1282 est
1264 1249 1317 1282 ac
1358 1236 1578 1298 mgistra

191 1350 197 1353 .
233 1310 492 1374 officiorum.
533 1299 822 1358 Bo'ssuetius
852 1310 1068 1374 profecto
1106 1327 1207 1358 non
1242 1311 1318 1359 his
1347 1312 1585 1359 institutis

235 1387 507 1436 admodum
541 1398 803 1435 contentus
833 1403 937 1435 esse
964 1398 1145 1451 potest;
1175 1404 1289 1436 nam
1322 1399 1369 1436 et
1405 1389 1455 1435 in
1489 1388 1585 1436 hoc

235 1463 406 1512 libro«
452 1463 659 1528 gloriam
713 1463 1115 1528 periculosiorem
1165 1481 1316 1528 quam
1365 1481 1585 1513 amorem

236 1542 401 1605 ipsum
428 1547 438 1565 ¹
470 1560 493 1586 »
522 1542 705 1597 statuit,
743 1552 790 1588 et
826 1540 1008 1605 gloriae
1045 1542 1311 1589 vanitatem
1345 1553 1588 1606 corrupte-

236 1617 433 1682 lamque
460 1619 653 1682 saepius
679 1617 936 1665 declaravit
963 1624 994 1664 ².
1024 1618 1117 1666 Sed
1146 1618 1226 1666 illa
1253 1618 1408 1683 gloria
1434 1635 1585 1682 quam

236 1694 499 1744 Cornelius
544 1694 861 1742 commendat
912 1711 1010 1742 non
1067 1695 1163 1743 fere
1210 1707 1296 1752 est,
1339 1707 1584 1759 quantum

236 1771 517 1836 intellegere
566 1788 787 1836 possum,
840 1773 1052 1819 omnino
1097 1772 1266 1820 eadem
1318 1789 1442 1836 quae
1496 1774 1588 1820 ista

237 1849 465 1897 effrenata
501 1848 799 1912 dignitatum
826 1847 1179 1912 honorumque
1213 1849 1409 1913 cupido,
1435 1866 1586 1913 quam

237 1925 440 1990 quidem
476 1936 638 1973 orator
675 1924 970 1973 christianus
993 1926 1097 1990 jure
1124 1942 1177 1973 ac
1205 1927 1379 1974 merito
1418 1927 1588 1974 confu-

236 2003 370 2051 tavit.
406 2003 534 2050 Nam
567 2019 682 2049 cum
723 2001 987 2064 Polyeucta
1031 2022 1053 2046 c(
1094 2002 1152 2050 ad
1178 2002 1434 2050 Gloriam3
1474 2022 1498 2047 »
1537 2019 1588 2051 se

236 2079 362 2128 trahi
386 2079 602 2134 laetatur,
631 2090 678 2126 et
703 2095 818 2126 cum
846 2090 919 2126 tot
945 2078 1063 2126 aliae
1100 2079 1316 2127 Cornelii
1352 2096 1588 2143 personae

237 2156 458 2205 Gloriam
485 2167 775 2204 attestantur
806 2157 856 2202 in
882 2171 1034 2219 eaque
1059 2157 1270 2203 maxime
1307 2156 1588 2204 subsidium

236 2233 421 2282 habent
440 2233 498 2280 ad
525 2232 691 2280 foedas
717 2231 793 2280 vel
825 2231 1036 2280 honesto
1059 2234 1165 2280 viro
1198 2232 1427 2297 indignas
1454 2234 1590 2297 cupi-

237 2309 378 2359 dines
416 2309 719 2364 coercendas,
759 2308 869 2356 talis
908 2308 1075 2373 gloria,
1111 2310 1187 2356 sin
1227 2310 1396 2357 minus
1438 2311 1589 2357 virtus

239 2388 345 2452 ipsa
374 2398 460 2443 est,
496 2398 543 2434 at
567 2386 739 2434 saltem
769 2387 872 2433 vice
906 2386 1012 2449 ejus
1038 2385 1279 2450 fungitur,
1309 2386 1386 2434 vel
1423 2387 1590 2450 potius

0 466 12 518 ἱ
227 465 499 514 voluntatis
535 464 869 529 spectaculum
901 465 1069 513 firmae
1101 482 1184 529 per
1209 482 1258 514 se
1292 467 1457 530 ipsum
1487 483 1580 514 nos

0 525 18 607 [f
70 547 115 591 f
229 541 502 590 salutariter
547 542 708 590 afficit.
761 542 868 589 Hoc
917 541 1137 605 impulsu
1178 542 1275 606 jam
1322 545 1491 591 excitis
1533 554 1582 591 et

193 607 195 610 ¹
228 618 494 668 stimulatis
522 620 571 666 in
601 618 744 666 nobis
768 618 887 666 solis
914 620 1134 683 positum
1159 630 1230 667 est
1258 631 1311 667 ut
1338 619 1462 668 bene
1489 621 1579 667 iter

0 687 11 758 ,⁵-
231 695 576 760 ingrediamur.
1372 705 1375 707 ’

242 813 249 817 .
292 773 443 821 Poeta
465 788 580 820 vero
608 788 709 820 non
755 773 942 819 omittit
978 767 1279 820 destinatum
1320 774 1410 821 iter
1438 773 1582 821 nobis

230 848 623 898 declarare.Nam
652 849 778 896 inter
802 859 876 896 tot
907 848 1074 896 breves
1101 850 1382 905 sententias,
1399 850 1581 913 quibus

0 911 39 978 ᾗ
232 926 340 991 ejus
385 924 656 990 tragoediae
704 926 843 989 quasi
904 925 1119 974 stellatae
1168 926 1410 982 videntur,
1457 927 1582 975 duae

0 983 29 1059 i
230 1001 503 1068 fulgentius
530 1001 790 1067 splendent
819 1002 1002 1066 quibus
1043 1004 1168 1051 vitae
1203 1004 1281 1050 via
1308 1003 1580 1052 collustrari

0 1071 45 1168 ἓ
233 1081 401 1144 possit.
453 1080 517 1126 Ea
563 1095 740 1144 nempe
778 1091 896 1127 sunt
939 1091 1187 1144 praecepta
1237 1098 1246 1127 :
1295 1080 1413 1143 quod
1446 1081 1582 1143 factu
1607 1071 1620 1078 “

0 1171 11 1221 ξ
232 1155 550 1221 difficillimum
584 1164 655 1212 est,
689 1156 739 1203 id
765 1157 1044 1218 potissimum
1076 1157 1339 1219 affictemus;
1376 1168 1423 1205 et
1456 1157 1581 1205 illud

0 1415 9 1433 .

299 2553 333 2580 r.
363 2542 413 2579 V.
436 2542 566 2589 Max.‚
591 2540 658 2579 IV.

297 2612 334 2639 2.
366 2601 417 2638 V.
441 2600 623 2653 inprimis
649 2600 801 2638 Sermon
828 2612 893 2637 sur
914 2596 1152 2646 l'Ambition,
1186 2611 1251 2637 sur
1269 2598 1494 2645 l'Honneur,
1511 2607 1587 2637 etc.

243 2658 307 2699 Cf.
334 2658 459 2698 Traite'
473 2658 515 2698 de
532 2657 568 2697 la
582 2657 875 2711 Concupiscence.

279 2730 337 2768 s3.
375 2717 577 2771 Polyeucta,
601 2726 676 2756 act.
698 2730 738 2764 v,
761 2729 815 2755 sc.
846 2728 880 2766 3.

1449 2800 1467 2824 4
