1930 3294
883 284 1117 326 -28-

774 459 814 494 1.
856 446 942 493 De
984 445 1231 496 Moleri0.

390 585 502 632 Non
525 586 675 633 miror
694 586 924 649 equidem
944 586 1077 650 quod
1099 599 1221 635 recta
1235 589 1312 635 via
1331 589 1387 636 ad
1409 588 1672 638 Molerium

325 662 612 710 Bossuetius
647 674 809 727 pergat
848 675 893 711 et
936 681 1050 711 eum
1092 666 1307 728 primum
1360 665 1675 715 vehementer

327 740 598 804 impugnet.
619 741 762 788 Haud
796 740 927 788 ullus
953 742 1084 789 enim
1115 754 1270 805 poeta,
1302 744 1426 790 inter
1450 743 1560 791 illos
1586 745 1671 808 qui

326 828 434 864 tum
474 817 727 874 florebant,
758 820 912 882 magis
940 835 1080 867 ansas
1108 819 1250 867 dabat
1280 820 1337 867 ad
1374 820 1672 885 corruptelae

327 894 761 952 insimulandum;
802 913 959 959 neque
1007 898 1270 960 quisquam
1317 898 1441 945 alius
1487 899 1673 947 ratione

326 988 449 1034 quae
467 973 620 1036 magis
647 972 902 1020 abhorreat
929 990 954 1020 a
971 974 1214 1021 Bossuetii
1232 974 1450 1022 doctrina
1469 976 1672 1024 fortasse

327 1050 495 1096 utitur.
519 1050 634 1103 Qua
658 1051 808 1114 igitur
835 1050 1173 1115 indignatione
1203 1052 1251 1098 in
1279 1051 1542 1100 Molerium
1565 1069 1674 1117 pro-

326 1127 533 1190 rumpit!
560 1127 727 1181 Quam
754 1127 1074 1175 inflammatis
1099 1128 1258 1176 verbis
1284 1130 1605 1193 turpitudinis
1630 1131 1671 1178 ei

326 1215 496 1251 notam
526 1205 704 1251 inurit!
741 1204 924 1259 «Quid
953 1206 1109 1253 enirn!
1151 1206 1286 1253 Num
1317 1223 1401 1270 pro
1450 1206 1673 1255 honestis

326 1280 620 1329 habebimus
648 1292 748 1329 tam
781 1283 945 1346 impie,
962 1293 1062 1330 tarn
1109 1299 1278 1346 spurce
1316 1283 1440 1331 dicta
1491 1284 1672 1348 quibus

326 1359 521 1406 refertae
536 1370 652 1406 sunt
666 1359 856 1407 Molerii
874 1360 1156 1407 comoediae
1169 1361 1415 1409 !...Nonne
1428 1362 1672 1425 igituriste

325 1437 528 1500 scriptor
551 1437 721 1484 omnia
745 1436 929 1484 theatra
946 1450 1110 1485 nostra
1138 1449 1365 1502 personat
1391 1450 1438 1486 et
1455 1439 1674 1487 foedissi-

326 1514 420 1561 mis
447 1514 676 1578 ambigue
705 1514 845 1562 dictis
880 1514 1050 1578 implet
1084 1515 1265 1578 quibus
1298 1515 1546 1563 christiani
1583 1517 1671 1564 viri

327 1607 466 1638 aures
492 1608 714 1655 unquam
736 1603 853 1639 sunt
874 1593 1158 1655 inquinatae
1175 1604 1221 1640 et
1239 1593 1442 1641 infectae
1457 1595 1520 1640 Ρ...
1535 1594 1691 1642 Num-

324 1668 579 1716 defendere
635 1670 750 1716 istas
789 1669 976 1717 fabulas
1031 1669 1232 1717 audebis
1279 1670 1361 1718 ubi
1410 1664 1580 1718 virtus
1621 1687 1671 1718 ac

324 1745 532 1810 Relligio
560 1763 752 1810 semper
789 1746 1084 1803 deridentur,
1115 1747 1346 1811 pudicitia
1390 1764 1503 1795 vero
1550 1765 1673 1796 nun·

324 1840 474 1886 quam
504 1840 603 1871 non
634 1823 840 1871 laeditur
862 1835 909 1871 et
929 1824 1122 1872 assidue
1147 1825 1196 1871 in
1221 1841 1420 1872 summo
1458 1825 1672 1888 periculo

325 1912 544 1948 versatur
580 1918 639 1948 ne
667 1900 1069 1965 flagitiosissimis
1097 1903 1291 1965 stupris,
1329 1901 1375 1949 id
1410 1914 1481 1950 est
1522 1919 1671 1965 quam

325 1979 652 2041 spurcissimis
692 1978 865 2034 verbis,
908 1978 1134 2026 funditus
1165 1978 1365 2027 tollatur
1395 1981 1485 2027 ¹?...
1515 1998 1537 2024 »
1567 1980 1671 2027 Hoc

323 2054 563 2119 judicium
592 2072 706 2103 sane
745 2071 885 2120 grave
928 2067 1012 2103 est.
1042 2056 1381 2110 Quantumvis
1407 2073 1520 2104 vero
1563 2056 1673 2104 licet

326 2143 495 2179 natura
539 2144 876 2196 comparatum
929 2144 983 2180 ut
1030 2134 1233 2197 scriptor
1276 2133 1569 2182 christianus
1620 2135 1670 2181 in

325 2210 515 2257 comico
557 2210 821 2274 judicando
873 2211 1083 2258 severior
1127 2212 1201 2265 sit,
1254 2211 1465 2274 quadam
1505 2222 1669 2258 tamen

324 2286 584 2334 verborum
626 2287 1034 2335 immoderatione
1090 2288 1242 2335 efferri
1296 2287 1420 2335 mihi
1464 2287 1668 2335 videtur.

323 2364 449 2411 Nam
463 2365 701 2427 primum,
714 2375 768 2412 ut
777 2366 967 2428 opinor,
980 2365 1187 2412 modum
1198 2366 1402 2421 transiit,
1413 2376 1459 2413 et
1468 2365 1668 2412 forsitan

326 2441 460 2504 quod
488 2453 585 2488 erat
614 2443 813 2489 maximi
840 2443 1081 2490 momenti
1109 2459 1160 2490 ac
1195 2442 1423 2506 ponderis
1462 2458 1578 2499 non,
1617 2453 1672 2490 ut

326 2519 390 2565 ita
417 2518 589 2574 dicam,
618 2535 705 2566 acu
728 2520 951 2583 tetigerit.

391 2597 518 2643 Sunt
556 2596 757 2659 quidem
796 2598 844 2644 in
872 2596 1060 2644 Molerii
1097 2596 1367 2644 comoediis
1410 2595 1670 2644 inhonesta

384 2744 415 2770 1.
450 2731 645 2777 Maximes,
674 2733 743 2771 III.
