1930 3294
7 1234 11 1245 υ
0 854 15 1209 .*⁷”“-V5Vr*s·w·'
0 828 9 843 Ἴ
0 748 15 811 “,“.·

0 2695 71 3294 Www--wv-w-nwffi
0 2645 18 2687 -.-

51 3247 58 3251 ν
62 3225 75 3238 Δ
55 3179 58 3182 .
43 2954 48 2958 ’
56 2711 63 2718 ,

273 370 483 416 maxime
513 368 712 416 lubricis
738 368 1092 432 fallacibusque
1130 369 1319 417 insidiis
1349 368 1613 416 attentabat

271 445 531 510 gentilitas.
568 445 684 493 Inde
714 445 770 493 fit
802 457 869 502 ut,
907 462 1002 509 qua
1039 457 1173 493 erant
1208 445 1478 510 prudentia,
1510 461 1610 492 non

271 521 559 571 desisterent
594 523 755 570 Patres
803 523 928 570 inter
964 523 1185 586 Paganos
1220 534 1266 570 et
1308 522 1613 570 Christianos

271 598 651 663 insuperabilem
692 600 959 662 interjicere
1002 600 1234 647 fossam¹.
1269 600 1441 646 Postea
1482 615 1610 654 vero,

271 692 386 724 cum
430 677 526 740 jam
569 675 775 724 Ecclesia
821 675 1135 739 tranquillam
1181 675 1387 723 traheret
1428 692 1610 740 pacem,

271 753 507 800 Doctores
547 754 788 800 remittere
833 752 1017 816 aliquid
1067 753 1125 800 de
1171 754 1323 817 prisca
1361 754 1612 800 severitate

272 840 553 894 potuerunt.
601 830 727 876 Nam
767 841 884 877 tunc
917 829 1119 877 demum
1150 831 1219 877 eis
1251 829 1345 877 fuit
1366 830 1611 894 integrum

271 922 490 970 expressa
523 917 570 954 et
598 906 822 954 absoluta
850 906 1119 954 honestatis
1151 918 1398 970 praecepta
1424 923 1450 954 a
1480 907 1614 970 puris

273 983 558 1048 prudentiae
592 983 860 1031 discernere
891 970 1109 1031 monitis.
1148 984 1206 1031 Et
1245 1000 1531 1047 quanquam
1558 999 1614 1030 ex

272 1059 467 1108 honesti
519 1059 775 1124 disciplina
825 1060 949 1107 nihil
995 1061 1369 1117 imminuerunt,
1422 1062 1471 1108 in
1519 1076 1613 1108 usu

273 1137 517 1186 nonnulla
562 1137 894 1185 adhibuerunt
945 1148 1326 1201 temperamenta
1373 1154 1497 1201 quae
1542 1153 1614 1184 res

271 1231 325 1262 ac
350 1226 546 1278 tempus
573 1214 801 1262 ferebant.
826 1215 902 1262 Sic
922 1214 980 1262 ad
1006 1231 1060 1262 ea
1083 1231 1207 1278 quae
1228 1231 1445 1278 expresse
1467 1215 1615 1262 vetita

271 1307 325 1340 ac
350 1291 493 1356 plane
527 1291 743 1355 legitima
768 1303 903 1339 erant
930 1303 1096 1355 postea
1123 1303 1426 1339 accesserunt
1450 1291 1614 1355 aliqua

271 1385 396 1432 quae
434 1380 568 1416 erant
619 1368 749 1416 licita
786 1368 862 1416 vel
909 1368 1259 1416 tantummodo
1301 1385 1387 1432 pro
1423 1379 1615 1432 tempo-

273 1445 407 1494 ribus
426 1445 711 1493 tolerabilia.
737 1445 888 1499 Quod
908 1446 947 1492 si
972 1445 1066 1493 hoc
1086 1446 1265 1493 variare
1288 1458 1614 1510 nuncupatur,

273 1539 375 1570 non
417 1538 472 1570 ea
508 1534 579 1570 est
616 1523 825 1570 mutatio
864 1539 987 1586 quae
1028 1539 1189 1570 rerum
1230 1534 1451 1570 naturam
1488 1539 1617 1570 com-

274 1611 433 1648 mutet
459 1610 506 1647 et
529 1598 780 1647 adulteret.

337 1753 430 1801 Sed
468 1753 925 1816 quantulacumque
968 1754 1042 1800 vis
1083 1765 1155 1801 est
1198 1753 1350 1818 hujus
1394 1755 1618 1818 interpre-

272 1831 486 1886 tationis,
523 1830 739 1894 profecto
767 1830 921 1894 liquet
954 1830 1215 1878 Ecclesiam
1245 1831 1357 1877 Divi
1393 1830 1616 1879 Thomae

272 1907 331 1955 de
381 1906 741 1955 oblectamento
793 1908 1088 1954 sententiam
1142 1909 1460 1971 potissimum
1512 1924 1615 1956 esse

271 1995 504 2040 secutam,
539 2012 605 2019 —
636 1995 879 2047 quantum
911 1983 1112 2046 quidem
1148 2001 1234 2048 pro
1272 1984 1381 2032 utili
1418 2002 1470 2032 ac
1505 1984 1617 2048 legi-

271 2061 396 2108 timo
423 2060 843 2109 oblectamentum
864 2072 1076 2124 putatur.
1098 2089 1165 2096 —
1186 2061 1391 2109 Constat
1415 2078 1616 2125 quoque

273 2137 551 2193 Ecclesiam,
583 2154 697 2185 cum
733 2153 991 2200 nunquam
1015 2139 1279 2185 vanitatem
1307 2138 1616 2202 periculaque

271 2213 444 2262 theatri
477 2214 686 2262 indicare
722 2213 959 2262 destiterit
991 2225 1038 2262 et
1067 2231 1093 2262 a
1126 2214 1417 2262 Christianis
1444 2214 1617 2279 hujus-

272 2291 463 2339 cemodi
516 2290 939 2339 oblectamentum
988 2293 1198 2338 maxima
1243 2291 1435 2339 amoliri
1489 2309 1615 2348 cura,

274 2384 532 2432 nunquam
573 2380 753 2422 tamen,
796 2367 1147 2416 recentioribus
1186 2369 1387 2431 quidem
1433 2380 1617 2432 tempo-

273 2444 421 2501 ribus,
467 2461 526 2492 eo
571 2446 639 2492 eis
690 2446 901 2492 omnino
952 2445 1267 2492 interdixisse.
1314 2446 1461 2493 Porro
1513 2462 1613 2493 non

273 2521 483 2569 dubium
533 2533 605 2569 est
652 2522 789 2585 quin,
836 2522 874 2568 si
917 2520 1160 2569 theatrum
1203 2522 1375 2570 eodem
1419 2539 1614 2586 prorsus

331 2669 366 2696 1.
399 2673 419 2695 α
445 2660 590 2708 Μηκέτι
619 2661 710 2709 ὑμᾶς
743 2664 969 2711 περιπατεῖν,
994 2657 1111 2701 καθὼς
1122 2660 1181 2697 καὶ
1201 2658 1245 2697 τὰ
1277 2657 1382 2697 λοιπὰ
1400 2659 1483 2709 ἔθνη
1510 2675 1613 2713 περι-

273 2719 430 2756 πατεῖ...
456 2732 475 2752 n
494 2716 603 2757 Paul.
627 2715 674 2755 ad
693 2715 840 2770 Ephes.,
867 2716 935 2763 IV,
969 2727 1029 2765 17.
