1930 3294
376 256 447 276 ⁷«)
468 251 571 261 f-
675 236 679 237 ⁷
709 254 767 261 -
799 242 848 285 25
887 256 943 261 —

135 330 338 396 sdantur,
363 356 454 389 nos
479 355 680 404 quoque
722 357 805 387 eos
832 342 1159 404 corruptionis
1182 341 1411 390 damnare
1438 354 1484 390 et

149 418 291 468 omni
318 418 568 466 severitate
601 416 1024 480 reprehendendos
1061 418 1263 466 habere?
1300 420 1353 466 In
1396 419 1490 467 hoc

151 492 352 560 quidem
375 510 550 542 omnes
578 494 837 541 Bossuetio
857 494 1005 558 -plane
1035 497 1340 543 assentimur.
1442 503 1447 510 ‘

207 631 314 701 Iam
337 646 465 687 vero,
493 629 627 694 quod
651 629 709 677 ad
742 629 873 677 illam
890 632 1130 695 egregiam
1152 631 1210 679 de
1235 634 1489 696 concupis·

149 708 307 759 centia
340 707 611 755 doctrinam
641 708 826 761 attinet,
856 724 1005 770 quam
1037 707 1237 771 quidem
1268 720 1367 756 tam
1396 709 1489 756 cal-

153 784 249 834 lide
273 784 332 834 ad
358 783 665 832 comoediam
698 785 851 846 (sicut
892 795 938 831 et
972 786 1062 848 ipsi
1102 796 1240 832 antea
1275 786 1490 845 Jansenii

149 861 360 926 fautores
384 863 424 916 ¹)
450 861 738 908 Bossuetius
759 861 995 916 transfert,
1023 872 1069 908 et
1095 863 1144 908 in
1168 861 1250 909 illa
1274 863 1482 910 maxime

151 939 325 989 nititur
350 937 523 986 theatri
542 953 693 1002 paene
708 949 809 985 tota
833 939 939 1002 ejus
955 938 1239 1002 reprobatio,
1264 938 1494 1002 profiteor

153 1032 260 1078 eam
293 1032 394 1064 non
429 1013 722 1062 mediocrem
753 1015 853 1061 vim
883 1014 1070 1062 habere.

214 1093 281 1141 At
308 1091 430 1140 illud
462 1103 807 1156 argumentum
847 1103 946 1138 tam
983 1107 1123 1155 grave
1162 1103 1247 1147 est,
1294 1103 1348 1139 ut
1391 1109 1490 1139 non

148 1169 316 1219 solum
339 1168 645 1218 comoediam
663 1168 925 1223 labefactet,
943 1167 1024 1216 sed
1053 1170 1214 1223 etiam,
1230 1170 1269 1216 si
1293 1168 1490 1216 nullum

153 1245 482 1295 laxamentum
497 1245 582 1292 tali
601 1245 695 1309 legi
720 1245 908 1301 demus,
927 1245 1166 1308 permulta
1186 1245 1277 1293 alia
1292 1262 1492 1309 quoque

151 1322 304 1380 tollat,
341 1339 465 1387 quae
511 1322 570 1370 ad
617 1323 741 1369 vitae
778 1309 1021 1369 humanae
1070 1323 1490 1370 conversationem

154 1401 418 1449 necessaria
429 1399 669 1447 videntur.
694 1400 819 1446 Nam
837 1401 892 1454 si,
915 1401 1030 1462 quia
1051 1400 1315 1462 quicquam
1335 1401 1493 1446 matri-

154 1477 327 1524 monio
355 1477 599 1524 caritatem
617 1487 833 1523 nostram
856 1475 1097 1531 conciliat,
1115 1475 1292 1523 idcirco
1314 1491 1493 1523 concu-

151 1551 437 1615 piscentiam
465 1551 514 1597 in
543 1550 687 1598 nobis
708 1549 906 1597 sceleste
934 1549 1165 1605 incendit,
1189 1549 1489 1614 prohibenda

151 1627 351 1692 quidem
378 1638 494 1676 sunt
522 1628 681 1691 primo
728 1626 1014 1690 spectacula,
1060 1626 1143 1674 sed
1192 1643 1289 1673 una
1334 1625 1493 1690 prohi-

150 1703 307 1753 benda
334 1715 452 1752 sunt
473 1715 533 1760 et,
568 1720 798 1768 magnam
826 1705 876 1751 in
907 1715 1107 1767 partem,
1135 1705 1348 1751 carmina
1385 1719 1493 1767 poe-

149 1793 324 1838 tarum,
356 1793 403 1830 et
437 1781 785 1829 historicorum
812 1782 1123 1836 narrationes,
1165 1792 1211 1828 et
1245 1782 1490 1844 pictorum

150 1874 420 1922 eorumque
442 1860 527 1923 qui
558 1860 696 1923 signa
728 1858 1023 1906 fabricantur
1058 1874 1216 1921 opera,
1255 1869 1316 1913 et,
1351 1858 1489 1904 omni

153 1951 374 1991 numero,
433 1951 683 1983 sermones
738 1935 970 1982 cotidiani
1028 1936 1113 1998 qui
1186 1935 1486 1981 matrimonii

154 2013 456 2060 mentionem
481 2013 711 2068 inferunt,
739 2013 900 2068 etiam,
931 2023 984 2059 ut
1016 2013 1206 2075 opinor,
1246 2027 1326 2058 eae
1363 2012 1491 2074 ipsae

152 2089 484 2138 oratiunculae
541 2090 736 2153 quibus,
789 2106 901 2137 cum
948 2089 1216 2137 sacerdotes
1274 2087 1490 2152 nuptiale

153 2181 342 2214 sacrum
388 2166 672 2222 conficiunt,
737 2166 986 2230 propalam
1043 2182 1156 2213 cum
1218 2166 1492 2212 monitione

154 2243 361 2291 miscent
385 2243 776 2307 gratulationem.
804 2243 1036 2297 Quorum
1073 2242 1153 2289 alii
1182 2241 1313 2290 haud
1345 2241 1492 2289 dubie

153 2320 485 2383 suspicionem
515 2331 725 2384 possunt
744 2321 984 2367 sustinere
1015 2339 1038 2364 «
1070 2336 1176 2367 eam
1208 2320 1491 2366 servitutem

154 2411 292 2460 quae,
317 2412 375 2444 ex
399 2408 594 2461 peccato
620 2408 738 2452 orta,
793 2396 851 2444 ad
900 2407 1151 2460 peccatum
1195 2395 1396 2443 inclinat
1418 2401 1433 2418 ²
1465 2414 1487 2438 n

155 2472 297 2521 nobis
323 2473 627 2538 proponendi
664 2473 989 2537 probandam;
1016 2472 1097 2520 alii
1130 2489 1258 2527 vero,
1288 2472 1408 2520 dum
1440 2473 1489 2518 in

211 2621 244 2647 1.
275 2608 375 2648 Vide
394 2608 493 2649 infra
511 2610 753 2663 Appendicem
774 2619 963 2656 nostram,
987 2619 1030 2648 n⁰
1055 2609 1122 2647 IV.

207 2679 245 2706 2.
275 2667 376 2707 Vide
396 2681 525 2722 supra,
547 2682 587 2722 p.
613 2682 673 2717 14.
