1930 3294
896 278 1129 334 -38-

329 388 455 436 valet
500 405 551 435 ac
598 389 636 435 si
694 400 892 436 naturae
945 399 1120 436 rectam
1180 405 1370 452 semper
1418 390 1676 446 rationem,

329 467 506 530 jusque
529 467 578 512 in
611 465 849 513 omnibus
883 465 1026 513 rebus
1066 465 1348 529 profiteatur
1377 465 1675 515 absolutum.

328 542 446 590 Tale
471 554 634 590 autern
665 553 975 607 praeceptum
1014 559 1128 590 cum
1161 542 1370 606 Relligio
1398 542 1676 600 detestatur,

328 631 436 668 tum
461 621 640 668 sanitas
666 621 769 684 ipsa
790 631 836 667 et
865 620 994 668 bona
1016 637 1156 668 mens
1183 619 1454 668 admodum
1478 622 1675 685 respuit.

393 686 521 745 Haec
547 708 677 753 sunt,
704 714 805 745 non
828 714 1049 762 expressa
1074 697 1155 746 sed
1184 697 1348 745 solum
1374 697 1673 754 adumbrata,

329 791 452 838 quae
469 775 640 823 addere
658 776 815 839 possis
831 776 1075 823 Bossuetii
1098 774 1155 822 de
1170 774 1376 823 Molerio
1393 776 1675 824 sententiae.

329 854 392 899 Ea
417 869 532 900 vero
577 854 739 916 ipsum
784 869 841 900 eo
886 853 1040 916 magis
1081 853 1212 916 piget
1244 852 1403 900 verbis
1431 869 1531 900 non
1560 869 1678 900 con-

329 931 510 993 cepisse
535 947 635 993 quo
654 931 889 995 majorem
907 929 1081 978 habeat
1098 928 1152 977 in
1170 929 1370 993 reliquis
1394 931 1677 994 gravitatem

329 1018 375 1054 et
431 1006 784 1071 eloquentiam.

752 1150 800 1186 2.
842 1137 929 1184 De
966 1135 1263 1199 Quinaldo,

395 1245 636 1299 Quinaldi
689 1256 854 1292 autem
904 1245 952 1292 in
1010 1244 1197 1292 theatro
1225 1245 1530 1293 aestimando
1577 1256 1679 1293 tam

331 1324 578 1387 integrum
627 1322 857 1386 idemque
900 1339 1138 1386 pressum,
1185 1333 1284 1370 tam
1336 1322 1586 1386 aequabile
1632 1334 1678 1370 et

328 1400 570 1463 eloquens
616 1400 709 1447 fuit
753 1401 999 1447 Bossuetii
1054 1399 1311 1464 judicium,
1365 1411 1419 1447 ut
1468 1399 1592 1448 nihil
1635 1401 1678 1448 ei

327 1477 515 1534 addere,
558 1477 682 1524 nihil
724 1476 972 1525 detrahere
999 1478 1170 1541 possis.
1203 1477 1349 1541 Apud
1381 1476 1514 1525 hunc
1539 1478 1675 1525 enim

327 1566 525 1619 poetam
554 1571 654 1602 non
683 1554 849 1611 semel,
883 1571 985 1602 non
1006 1555 1226 1611 fortuito,
1262 1554 1343 1602 sed
1369 1565 1604 1619 perpetuo
1631 1565 1678 1602 et

328 1632 575 1689 consulto,
611 1631 896 1696 corruptela,
935 1643 991 1679 ut
1024 1632 1311 1679 Bossuetius
1356 1631 1486 1688 dicit,
1514 1638 1678 1679 senten-

326 1711 439 1757 tiosa
458 1726 510 1757 ac
528 1711 807 1772 praeceptiva
819 1709 877 1772 fit
910 1709 1075 1756 ¹.Nam
1103 1720 1266 1757 totum
1290 1709 1395 1774 ejus
1416 1708 1677 1765 theatrum,

326 1831 466 1870 morati
497 1832 674 1871 simusa.
697 1831 879 1885 Denique
911 1840 970 1870 est
1002 1829 1070 1870 ubi
1103 1839 1282 1870 mutuam
1321 1830 1608 1884 indulgentiam
1635 1842 1679 1870 ac

328 1891 559 1944 patientiam
583 1890 729 1930 laudet.
760 1914 812 1919 -—
835 1890 910 1929 Sed
947 1889 1112 1929 alterurn
1149 1899 1207 1929 est
1227 1889 1367 1946 'facere
1405 1889 1513 1944 quod
1552 1889 1678 1939 decet,

325 1950 492 1990 alterum
510 1949 696 2004 perficere
711 1949 818 2004 quod
835 1948 1037 1989 debemus.
1051 1951 1139 1999 Jam
1154 1962 1248 1988 vero
1269 1949 1337 2003 qui
1358 1962 1441 1988 non
1453 1948 1681 1989 mirabiliter

325 2009 387 2048 vel
409 2009 657 2063 singulariter
683 2018 859 2048 moratus
891 2018 963 2057 est,
996 2009 1225 2061 saepissime
1259 2022 1340 2047 non
1362 2009 1481 2048 nimis
1517 2008 1679 2062 pulchre

326 2078 501 2108 moratus
519 2078 590 2108 est.
613 2069 793 2122 Denique
812 2069 843 2107 si
868 2068 1117 2108 attendemus
1141 2081 1223 2107 non
1250 2067 1324 2107 alia
1350 2077 1484 2107 mente
1518 2077 1679 2121 poetam

326 2142 399 2167 nos
424 2129 471 2168 ad
499 2128 727 2167 facilitatem
767 2138 805 2167 et
843 2128 1132 2167 humanitatem
1157 2128 1318 2176 hortari,
1342 2127 1416 2166 nisi
1453 2140 1496 2166 ea
1530 2136 1572 2167 ut
1606 2140 1680 2166 nos

326 2197 482 2227 nostrae
493 2187 687 2227 facilitatis
703 2188 1039 2240 humanitatisque
1058 2187 1231 2240 praemia
1245 2187 1363 2240 primi
1382 2186 1613 2235 habeamus,
1626 2210 1678 2215 —

325 2247 377 2286 ob
398 2261 463 2286 eas
482 2260 623 2286 omnes
639 2260 775 2286 causas
797 2246 939 2285 inferre
960 2247 1178 2299 poterimus
1194 2245 1424 2294 Molerium,
1448 2246 1566 2285 etiam
1587 2258 1679 2285 cum

325 2307 524 2346 caritatem
558 2307 751 2359 respicere
777 2306 970 2354 videatur,
1014 2305 1114 2344 nihil
1148 2306 1224 2344 nisi
1261 2314 1435 2345 nostram
1469 2305 1678 2345 utilitatem

324 2366 650 2420 voluptatemque
671 2366 907 2419 perspicere.
929 2365 1003 2404 Hic
1025 2378 1184 2418 quoque
1200 2365 1320 2418 igitur
1336 2377 1456 2404 omne
1471 2364 1518 2404 ad
1535 2380 1555 2401 ι(
1568 2373 1678 2404 natu-

326 2438 406 2465 ram
428 2425 539 2479 sequi
562 2441 581 2461 »
607 2424 757 2464 recidit.

384 2497 418 2524 1.
449 2483 647 2533 Maximes,
671 2484 742 2523 ΙΙΙ.
763 2507 814 2512 —-
835 2482 897 2523 Cf.
923 2482 1011 2522 Bol.
1043 2492 1112 2522 sat.
1136 2484 1187 2522 X.
1211 2496 1219 2521 :

420 2562 486 2596 Par
505 2561 696 2596 toi-meme
710 2560 846 2595 bientot
862 2560 1031 2596 conduite
1050 2562 1069 2595 a
1080 2559 1238 2607 l’Opera,

422 2616 477 2650 De
495 2615 578 2662 quel
594 2615 644 2649 air
662 2622 848 2661 penses—tu
868 2625 936 2660 que
959 2622 993 2649 ta
1013 2613 1124 2649 sainte
1146 2625 1243 2648 verra

324 2713 354 2734 a.
530 2704 566 2734 Et
583 2703 690 2733 l'ecole
707 2703 748 2733 du
763 2702 890 2739 monde,
910 2712 948 2732 en
967 2702 1034 2732 l’air
1048 2702 1125 2732 dont
1142 2701 1162 2732 il
1178 2701 1243 2732 faut
1259 2702 1345 2732 vivre

534 2751 665 2781 Instruit
683 2751 803 2787 mieux,
826 2751 843 2780 a
864 2760 939 2780 mon
956 2750 1022 2791 gre,
1047 2760 1112 2790 que
1126 2759 1165 2780 ne
1183 2749 1238 2779 fait
1259 2759 1361 2779 aucun
1379 2748 1470 2779 livre.

1021 2796 1128 2842 (Ecole
1148 2803 1200 2833 des
1217 2802 1325 2842 Maris,
1339 2812 1405 2834 v.v.
1427 2801 1580 2843 191-192)
