1930 3294
774 239 1006 299 -67-

207 350 533 403 condemnare
555 351 694 409 nolit,
718 353 757 400 si
783 352 984 416 quidem
1013 364 1085 400 tot
1117 354 1360 417 spurcitiis
1382 365 1552 417 totque

208 427 357 492 impie
383 427 523 476 dictis
545 428 775 477 refertum
797 429 923 477 fuit?
944 429 1081 484 Quid
1109 442 1181 478 est
1204 430 1338 494 quod
1366 447 1555 495 exspec-

206 514 335 552 tetur
347 504 407 552 de
428 505 522 554 hoc
550 505 700 553 Patris
721 507 975 563 sententia,
999 506 1083 554 ubi
1109 506 1310 570 quidem
1333 508 1554 572 cujusvis

207 582 358 630 unius
381 581 658 645 Christianix
671 584 760 630 viri
782 583 963 631 sufficit
981 585 1023 630 ¹?
1049 603 1071 628 1)

270 658 421 713 Quod
461 675 574 707 vero
613 660 902 708 Bossuetius
948 659 1006 708 de
1045 660 1267 708 Patribus
1307 662 1551 709 continuo

204 733 404 799 subjicit
434 737 632 783 maximi
660 738 901 784 momenti
941 748 1044 785 est:
1077 757 1100 782 «
1132 738 1258 784 Nam
1301 739 1339 785 si
1380 754 1552 786 eorum

204 810 451 860 doctrinae
478 814 675 876 penitus
708 814 1021 878 intropiscere
1060 815 1295 878 principia
1325 830 1553 863 curamus

206 888 583 953 reconditosque
610 902 771 938 tenere
792 906 980 947 sensus,
1004 907 1153 954 quam
1178 907 1340 939 severa
1357 890 1554 939 damna-

204 965 275 1013 tio
298 982 548 1030 quamque
583 978 636 1014 ut
664 968 726 1014 ita
757 967 915 1015 dicam
943 967 1144 1031 capitale
1171 967 1414 1033 judicium
1446 969 1551 1032 ejus

204 1042 407 1106 quidem
444 1045 624 1091 mentis
663 1060 760 1107 qua
798 1044 856 1092 ad
890 1044 1224 1108 spectaculum
1265 1044 1554 1093 adducimur

204 1130 323 1167 tunc
345 1120 487 1168 nobis
509 1121 780 1184 apparebit!
805 1140 827 1166 n
855 1121 1007 1175 Quod
1029 1133 1377 1185 argumentum
1402 1138 1551 1186 quam

202 1195 579 1261 diligentissime
603 1199 802 1262 cogitari
837 1198 958 1246 vult.
993 1198 1085 1246 Sed
1113 1200 1358 1263 scriptoris
1389 1200 1550 1255 instar,

203 1274 290 1336 qui
327 1273 392 1322 ibi
421 1290 553 1321 nunc
594 1291 694 1322 non
724 1287 1071 1331 commoratur,
1108 1275 1232 1322 hanc
1265 1275 1553 1339 disputatio-

204 1363 317 1395 nem
346 1348 397 1395 in
422 1347 575 1396 alium
605 1347 771 1396 locum
799 1349 991 1413 rejicere
1018 1349 1252 1413 expedit³.

266 1424 394 1472 Nam
419 1425 722 1482 Bossuetius‚
751 1442 837 1489 pro
860 1442 947 1474 sua
969 1426 1238 1490 prudentia,
1268 1427 1407 1473 novit
1431 1426 1549 1489 quid

203 1500 432 1565 ponderis
456 1501 629 1550 habeat
657 1504 706 1550 in
738 1504 959 1550 oratione
987 1514 1394 1567 argumentorum
1423 1503 1551 1551 bona

202 1577 475 1642 dispositio.
499 1579 935 1643 Locupletissimos
965 1581 1113 1643 igitur
1141 1591 1362 1627 auctores
1390 1596 1547 1643 usque

203 1654 262 1703 ad
289 1655 441 1703 finem
468 1667 734 1712 conservat,
761 1658 876 1704 satis
907 1656 1091 1704 habens
1119 1658 1158 1704 si
1188 1673 1320 1704 nunc
1349 1656 1550 1720 quidem

204 1731 352 1796 paulo
388 1733 665 1781 minoribus
689 1734 972 1781 testimonia
1008 1733 1278 1781 denuntiet.
1307 1734 1550 1787 Quamvis

203 1810 338 1856 enim
359 1811 537 1874 egregii
570 1810 853 1874 philosophi
881 1811 979 1858 sint
1005 1810 1141 1858 Plato
1174 1822 1221 1858 et
1246 1810 1547 1867 Aristoteles,

203 1901 376 1934 eorum
403 1888 666 1950 opiniones
689 1903 789 1934 non
808 1886 1033 1934 videlicet
1050 1898 1235 1934 tantam
1249 1889 1351 1934 vim
1368 1887 1550 1936 habent

204 1963 254 2010 in
303 1962 581 2012 Christiana
623 1981 765 2012 causa
801 1976 1037 2027 quantam
1078 1964 1228 2012 Patris
1272 1964 1547 2012 doctorisve

202 2038 465 2088 decretum.
494 2041 599 2088 Hos
635 2042 784 2105 igitur
813 2040 1141 2104 philosophos
1175 2042 1335 2104 primo
1367 2040 1546 2089 laudat.

201 2116 387 2164 Laudat
405 2134 535 2173 vero,
565 2134 666 2165 non
695 2130 948 2181 tamquam
972 2119 1270 2166 certissimos
1308 2129 1544 2174 auctores,

201 2193 285 2242 sed
306 2204 476 2258 utpote
503 2196 588 2258 qui
618 2206 809 2242 nostrae
835 2195 1036 2242 rationis
1062 2194 1223 2242 aditus
1244 2196 1548 2259 argumentis

201 2271 341 2333 quasi
379 2273 724 2334 praemuniant
771 2282 1147 2335 suspectamque
1196 2282 1307 2319 ante
1346 2271 1547 2319 reddant

200 2345 374 2408 theatri
399 2347 717 2412 voluptatem.
748 2349 858 2396 Sive
880 2349 1028 2412 igitur
1046 2347 1186 2395 Plato
1211 2349 1406 2395 statuit:
1430 2367 1454 2393 α
1484 2349 1544 2396 Se

204 2424 255 2471 in
281 2439 422 2472 suam
444 2425 703 2473 Civitatem
728 2441 815 2472 nec
840 2423 1155 2488 tragoediam,
1182 2440 1341 2487 neque
1357 2440 1551 2472 comoe-

260 2569 295 2596 1.
325 2557 374 2596 V.
395 2559 517 2597 Lettre
535 2557 626 2597 d'un
645 2557 856 2611 the'ologiem
878 2570 918 2610 p.
946 2570 1008 2607 19.

257 2628 295 2655 2.
325 2616 522 2665 Maximes,
543 2615 632 2656 XII.

261 2685 296 2724 3.
326 2674 378 2714 V.
398 2674 510 2724 infra,
536 2689 577 2728 p.
