1930 3294
765 577 983 626 CAPUT
1017 577 1057 624 II

377 758 637 796 QUOMODO
674 758 762 795 QUI
797 758 901 790 TUM
939 757 1218 790 FLOREBANT
1253 757 1431 790 POETAS

586 834 877 868 BOSSUETIUS
910 834 1224 877 JUDICAVERIT

298 1058 352 1106 In
372 1056 455 1104 illa
469 1057 527 1104 de
554 1057 741 1104 theatro
769 1056 1058 1104 clancularia
1081 1056 1432 1113 dissertatione,
1454 1073 1579 1120 quae

234 1133 502 1198 quamdam
521 1150 807 1198 generosam
825 1133 1124 1181 iracundiam
1140 1135 1398 1182 Bossuetio
1420 1150 1582 1182 move-

235 1222 319 1268 rat,
342 1210 468 1258 nihil
495 1212 597 1275 ipse
622 1212 816 1275 gravius
843 1210 1018 1258 tulerat
1044 1227 1193 1274 quam
1221 1210 1346 1259 hanc
1373 1212 1583 1258 inconsi-

232 1288 448 1336 deratam
505 1304 559 1335 ac
611 1289 917 1335 temerariam
956 1287 1203 1352 scriptoris
1241 1276 1533 1352 opinionem
1569 1305 1578 1335 :

238 1364 484 1412 «Plurimi
506 1380 620 1412 vero
649 1363 893 1420 homines,
910 1375 958 1412 et
987 1366 1020 1411 ii
1048 1364 1250 1428 quidem
1274 1364 1473 1428 probata
1491 1366 1582 1412 vir-

234 1452 338 1490 tute
367 1443 748 1505 incorruptaque
766 1442 1080 1497 conscientia,
1104 1441 1412 1489 comoediam
1444 1442 1579 1489 fateri

234 1530 482 1583 coguntur
499 1518 620 1565 adeo
648 1517 778 1582 apud
795 1534 901 1574 nos,
930 1517 1022 1565 hoc
1041 1530 1274 1582 tempore,
1302 1534 1404 1566 esse
1419 1535 1581 1566 emen-

230 1595 397 1644 datam
430 1606 484 1643 ut
520 1594 645 1642 nihil
679 1596 777 1659 jam
831 1596 1040 1658 patiatur
1071 1595 1205 1658 quod
1251 1595 1327 1643 vel
1370 1597 1580 1644 maxime

233 1684 406 1720 teretes
433 1684 480 1720 et
499 1680 656 1736 'quam
679 1671 1095 1736 relligiosissimae
1111 1689 1250 1720 aures
1264 1684 1583 1736 aspernentur

234 1766 288 1798 ac
315 1761 546 1813 respuant
576 1756 585 1773 ¹
619 1768 660 1796 ».
686 1750 756 1796 Eo
781 1750 915 1796 enim
950 1750 1166 1813 primum
1203 1750 1490 1797 Bossuetius
1531 1766 1581 1798 se

233 1827 377 1874 vertit
390 1826 761 1889 adversarioque
777 1827 934 1873 acrius
951 1827 1111 1882 instat,
1128 1842 1287 1889 neque
1303 1827 1582 1874 intermittit

236 1905 359 1967 quin
398 1919 512 1951 eum
547 1902 605 1950 de
644 1914 745 1950 tam
786 1902 964 1950 infesto
1008 1903 1116 1950 loco
1158 1903 1437 1951 deturbasse
1490 1903 1582 1951 sibi

236 1979 469 2028 videatur.
496 1979 572 2027 Ad
607 1979 654 2027 id
692 1980 840 2043 igitur
866 1996 957 2026 nos
984 1995 1184 2043 quoque
1231 1981 1371 2027 omni
1415 1979 1581 2027 studio

238 2057 520 2105 incumbere
546 2056 799 2112 debemus,
823 2073 937 2104 cum
966 2058 1243 2120 praesertim
1260 2073 1332 2104 res
1358 2058 1420 2104 sit
1438 2068 1484 2104 et
1498 2073 1582 2121 per

236 2150 287 2182 se
314 2136 417 2198 ipsa
438 2135 637 2180 maximi
667 2134 924 2189 momenti,
940 2145 987 2180 et
1007 2149 1172 2196 quam,
1199 2145 1361 2181 nostra
1376 2133 1578 2197 quidem

236 2212 492 2267 sententia,
531 2211 732 2258 fortasse
767 2210 960 2258 brevius
1003 2210 1381 2274 iracundiusque
1417 2221 1580 2258 tracta-

235 2289 358 2336 verit
376 2299 538 2335 orator
558 2303 707 2350 quam
731 2298 785 2334 ut
808 2288 850 2334 ei
870 2288 1080 2334 omnino
1099 2287 1432 2351 suffragemur.
1454 2288 1581 2335 Sunt

237 2365 370 2412 enim
399 2366 448 2411 in
477 2363 565 2411 hac
593 2380 640 2411 re
671 2380 795 2427 quae
821 2363 963 2427 plane
1004 2363 1203 2427 probare
1242 2363 1425 2420 deceat;
1465 2375 1582 2411 sunt

238 2442 383 2489 etiam
411 2457 536 2504 quae
560 2440 837 2488 additiones
852 2440 927 2487 vel
955 2441 1263 2504 exceptiones
1287 2440 1583 2497 desiderent;

239 2529 287 2566 et
308 2534 363 2566 ea
390 2518 595 2581 reperias
625 2517 828 2564 demum
857 2533 980 2580 quae
1017 2517 1155 2564 liceat
1182 2528 1340 2580 aperte
1368 2517 1579 2564 infitiari.

298 2689 331 2716 ι.
363 2677 484 2716 Lettre
499 2676 534 2715 δ’
538 2690 588 2715 un
609 2675 814 2729 the'ologien.
