1930 3294
0 447 74 508 {A

0 510 87 600 ἔγ

0 973 15 1086 ’πῖν’-1
0 887 22 964 jwsyx
0 868 8 877 ν
0 750 22 852 *vm-v·-
0 706 12 718 c

0 1212 18 1243 ⁴².-
0 1110 21 1201 ηιμ*-

263 371 467 419 confidit
494 371 574 420 ille
602 388 798 419 morum
823 373 1109 420 emendator
1133 373 1190 420 ad
1218 374 1504 422 coercendas
1525 374 1598 421 vel

259 447 497 496 sedandas
527 449 966 513 cupidines?Nihil
1003 450 1305 497 enucleatius
1334 462 1431 498 est:
1459 453 1600 498 unice

232 524 450 580 ‚facilem
474 536 671 573 naturae
698 525 862 573 laudat
891 526 1266 590 obsequentiam
1286 534 1313 574 ¹.

321 602 434 649 Non
463 602 741 650 laboramus
764 619 990 666 quaerere
1017 620 1183 651 annon
1218 603 1475 668 paululum
1508 605 1598 652 sibi

257 690 398 743 poeta
412 679 648 743 discrepet
662 681 747 743 qui
765 696 895 728 nunc
911 691 1107 728 tanturn
1130 692 1326 728 naturae
1348 681 1594 737 concedat,

256 752 355 803 alio
381 767 546 803 autem
583 755 693 804 loco
720 757 854 804 fateri
894 757 1115 805 videatur
1142 757 1312 814 multa,
1354 759 1403 805 in
1442 758 1600 806 homi·

258 832 419 888 nibus,
467 844 637 880 natura
681 845 904 897 corrupta
951 845 997 882 et
1037 851 1179 898 prava
1218 841 1367 882 esse².
1409 835 1600 899 (Suspi-

257 925 426 957 camur
457 921 621 957 tamen
665 909 752 958 has
791 909 1057 958 sententias
1091 927 1192 958 non
1233 913 1297 959 ita
1338 912 1459 959 forte
1495 928 1598 960 esse

195 1047 198 1049 Β
257 988 533 1043 contrarias,
606 1003 719 1034 nam
785 989 976 1035 etiamsi
1049 987 1285 1036 Molerius
1365 989 1598 1036 concedat

257 1074 480 1112 naturam
525 1080 625 1111 non
666 1081 856 1128 semper
894 1081 976 1128 per
1006 1081 1056 1113 se
1078 1066 1232 1129 ipsam
1259 1082 1362 1113 esse
1398 1066 1595 1122 bonam,

258 1130 359 1188 non
388 1140 567 1188 idcirco
594 1141 795 1188 forsitan
818 1158 867 1189 se
892 1143 999 1206 cogi
1022 1158 1163 1206 posse
1184 1143 1388 1190 fateatur
1414 1154 1469 1190 ut
1488 1159 1595 1190 eam

255 1216 427 1265 debere
446 1217 524 1265 vel
549 1234 690 1281 posse
711 1230 808 1265 arte
827 1218 1038 1282 quadam
1062 1219 1309 1267 emendari
1326 1219 1599 1283 concedat.)

257 1294 482 1358 Quoquo
507 1285 622 1342 vero
650 1295 801 1342 modo
826 1312 898 1343 res
919 1312 968 1343 se
996 1295 1153 1352 habet,
1180 1297 1495 1344 manifestum
1527 1308 1598 1345 est

257 1381 452 1436 poetam
507 1371 632 1419 nihil
696 1374 852 1436 magis
897 1372 1029 1420 cordi
1082 1372 1255 1421 habere
1312 1390 1461 1437 quam
1503 1373 1598 1422 hoc

254 1459 508 1496 vetustum
533 1466 586 1496 ac
604 1450 860 1512 pertritum
884 1451 1182 1514 principium
1205 1458 1441 1498 :naturam
1465 1453 1595 1514 sequi.

255 1525 448 1573 Etenim
478 1537 525 1573 et
555 1525 678 1573 illud
706 1526 974 1574 consilium
1002 1543 1088 1590 pro
1115 1527 1249 1575 bono
1278 1544 1331 1575 ac
1358 1528 1596 1592 probabili

254 1601 392 1650 ducit
417 1619 531 1650 cum
556 1603 614 1650 de
642 1605 856 1667 corporis
882 1604 1055 1652 morbo
1079 1605 1251 1668 agitur,
1280 1621 1454 1668 neque,
1482 1622 1596 1653 cum

254 1680 418 1727 anima
447 1681 550 1744 ipsa
582 1680 931 1744 cupiditatibus
958 1691 1184 1745 aegrotat,
1210 1698 1464 1745 quoquam
1500 1682 1596 1730 alio

254 1756 465 1804 consilio
511 1756 710 1821 indiget.
762 1758 839 1805 Sic
879 1769 1073 1821 apparet
1106 1774 1221 1805 eum
1261 1758 1387 1806 nulli
1435 1761 1501 1806 rei
1536 1759 1595 1807 ad

255 1845 479 1882 naturam
523 1833 777 1881 meliorem
816 1834 1109 1882 reddendam
1153 1835 1396 1883 confidere
1442 1837 1596 1900 magis

254 1926 403 1974 quam
455 1912 546 1974 ipsi
604 1921 801 1959 naturae
826 1917 853 1958 ³.
901 1912 1055 1965 Quod
1095 1912 1240 1968 idem,
1266 1924 1333 1977 ‘ut
1378 1913 1594 1969 arbitror,

311 2068 346 2096 Ι.
433 2062 510 2097 Mes
525 2062 622 2097 soins
639 2073 728 2108 pour
741 2062 880 2098 Leonor
891 2067 956 2098 ont
976 2063 1067 2098 suivi
1084 2075 1140 2099 ces
1158 2064 1330 2100 maximes
1349 2076 1357 2099 :

435 2115 508 2150 Des
518 2115 699 2150 moindres
710 2116 848 2151 libertes
865 2116 896 2163 je
909 2117 978 2151 n’ai
998 2117 1099 2163 point
1119 2117 1180 2152 fait
1198 2118 1260 2152 des
1272 2118 1410 2160 crimes,

434 2169 468 2203 A
487 2179 542 2203 ses
561 2169 682 2215 jeunes
704 2169 813 2204 desirs
834 2170 889 2217 j’ai
910 2170 1071 2216 toujours
1084 2171 1256 2206 consenti.

935 2228 1034 2274 (Ecole
1048 2235 1096 2265 des
1112 2235 1217 2273 Maris,
1235 2245 1300 2266 v.v.
1322 2236 1472 2276 183-185)

306 2316 343 2344 2.
438 2304 525 2347 Oui,
547 2309 579 2356 je
601 2305 677 2340 vois
695 2316 752 2340 ces
771 2305 906 2341 defauts
921 2306 1008 2341 dont
1033 2315 1132 2341 votre
1149 2308 1229 2341 ame
1248 2318 1430 2342 murmure

435 2367 589 2404 Comme
605 2367 699 2402 vices
722 2365 801 2400 unis
819 2367 839 2399 a
859 2364 1053 2400 l'humaine
1073 2374 1208 2408 nature,
1236 2374 1302 2400 etc.

1004 2427 1227 2467 (Mirantbrope,
1253 2437 1318 2459 v.v.
1340 2428 1492 2468 173-178)

307 2513 342 2551 3.
373 2500 553 2540 Profecto
582 2499 686 2539 haud
710 2512 773 2538 me
806 2497 904 2551 fugit
920 2497 1132 2537 Molerium
1176 2511 1464 2552 nonnunquam
1487 2499 1592 2538 aliud

250 2572 445 2600 arcessere
467 2560 723 2613 principium,
751 2557 857 2611 quod
877 2556 1036 2610 quidem
1055 2557 1149 2596 huic
1177 2573 1195 2593 <t
1222 2567 1401 2596 naturam
1436 2559 1545 2611 sequi
1574 2576 1590 2594 »

250 2618 444 2658 adversari
467 2628 506 2658 et
534 2618 727 2658 moderari
753 2616 920 2655 videtur.
950 2616 1052 2654 Nam
1084 2617 1217 2668 magni
1241 2617 1420 2655 aestimat
1442 2630 1594 2656 servare

253 2693 274 2714 α
296 2677 404 2731 quod
424 2678 537 2716 decet
558 2691 601 2725 »3
625 2686 663 2715 et
686 2675 801 2715 nobis
822 2675 958 2714 suadet
977 2674 1142 2714 libenter
1159 2688 1208 2713 ne
1223 2674 1373 2723 habitu,
1393 2689 1590 2724 sermone,

251 2745 346 2785 etc.‚
371 2748 393 2776 a
417 2737 556 2776 ceteris
576 2735 869 2781 dissentiamus,
895 2747 1037 2787 neque,
1058 2743 1101 2772 ut
1125 2735 1175 2772 ita
1192 2733 1335 2782 dicam,
1367 2734 1594 2774 mirabiliter
