<?xml version="1.0" encoding="UTF-8"?>
<!DOCTYPE html PUBLIC "-//W3C//DTD XHTML 1.0 Transitional//EN"
    "http://www.w3.org/TR/xhtml1/DTD/xhtml1-transitional.dtd">
<html xmlns="http://www.w3.org/1999/xhtml" xml:lang="en" lang="en">
 <head>
  <title>
</title>
<meta http-equiv="Content-Type" content="text/html;charset=utf-8" />
  <meta name='ocr-system' content='tesseract 3.04.00' />
  <meta name='ocr-capabilities' content='ocr_page ocr_carea ocr_par ocr_line ocrx_word'/>
</head>
<body>
  <div class='ocr_page' id='page_1' title='image "./decomoediaetdeno00lebiuoft_0026.png"; bbox 0 0 1930 3294; ppageno 0'>
   <div class='ocr_carea' id='block_1_1' title="bbox 874 237 1112 280">
    <p class='ocr_par' dir='ltr' id='par_1_1' title="bbox 874 237 1112 280">
     <span class='ocr_line' id='line_1_1' title="bbox 874 237 1112 280; baseline 0 -13"><span class='ocrx_word' id='word_1_1' title='bbox 874 237 1112 280; x_wconf 75' lang='lat'>...16-</span> 
     </span>
    </p>
   </div>
   <div class='ocr_carea' id='block_1_2' title="bbox 316 345 1670 643">
    <p class='ocr_par' dir='ltr' id='par_1_2' title="bbox 316 345 1670 643">
     <span class='ocr_line' id='line_1_2' title="bbox 317 345 1666 404; baseline -0.003 -7"><span class='ocrx_word' id='word_1_2' title='bbox 317 349 572 397; x_wconf 78' lang='lat' dir='ltr'>manifesta</span> <span class='ocrx_word' id='word_1_3' title='bbox 606 359 652 396; x_wconf 90' lang='lat' dir='ltr'>et</span> <span class='ocrx_word' id='word_1_4' title='bbox 684 359 854 404; x_wconf 85' lang='lat' dir='ltr'>natura</span> <span class='ocrx_word' id='word_1_5' title='bbox 890 347 1016 394; x_wconf 90' lang='lat' dir='ltr'>artis.</span> <span class='ocrx_word' id='word_1_6' title='bbox 1053 346 1203 400; x_wconf 90' lang='lat' dir='ltr'>Quod</span> <span class='ocrx_word' id='word_1_7' title='bbox 1233 345 1362 394; x_wconf 86' lang='lat' dir='ltr'>idem</span> <span class='ocrx_word' id='word_1_8' title='bbox 1401 345 1526 393; x_wconf 85' lang='lat' dir='ltr'>valet</span> <span class='ocrx_word' id='word_1_9' title='bbox 1549 362 1602 393; x_wconf 89' lang='lat' dir='ltr'>ac</span> <span class='ocrx_word' id='word_1_10' title='bbox 1627 346 1666 393; x_wconf 90' lang='lat' dir='ltr'>si</span> 
     </span>
     <span class='ocr_line' id='line_1_3' title="bbox 317 423 1670 487; baseline -0.004 -13"><span class='ocrx_word' id='word_1_11' title='bbox 317 426 522 475; x_wconf 89' lang='lat' dir='ltr'>enodate</span> <span class='ocrx_word' id='word_1_12' title='bbox 571 425 792 473; x_wconf 90' lang='lat' dir='ltr'>dicamus</span> <span class='ocrx_word' id='word_1_13' title='bbox 843 442 851 471; x_wconf 89' lang='lat'>:</span> <span class='ocrx_word' id='word_1_14' title='bbox 891 443 912 468; x_wconf 86' lang='lat'>«</span> <span class='ocrx_word' id='word_1_15' title='bbox 965 423 1236 471; x_wconf 83' lang='lat' dir='ltr'>Comoedia</span> <span class='ocrx_word' id='word_1_16' title='bbox 1282 424 1398 487; x_wconf 89' lang='lat' dir='ltr'>ipsa,</span> <span class='ocrx_word' id='word_1_17' title='bbox 1445 438 1568 486; x_wconf 90' lang='lat' dir='ltr'>quae</span> <span class='ocrx_word' id='word_1_18' title='bbox 1613 439 1670 470; x_wconf 86' lang='lat' dir='ltr'>ex</span> 
     </span>
     <span class='ocr_line' id='line_1_4' title="bbox 316 499 1670 567; baseline -0.003 -16"><span class='ocrx_word' id='word_1_19' title='bbox 316 505 468 551; x_wconf 84' lang='lat' dir='ltr'>animi</span> <span class='ocrx_word' id='word_1_20' title='bbox 506 501 957 567; x_wconf 84' lang='lat' dir='ltr'>perturbationibus</span> <span class='ocrx_word' id='word_1_21' title='bbox 984 511 1189 557; x_wconf 88' lang='lat' dir='ltr'>constat,</span> <span class='ocrx_word' id='word_1_22' title='bbox 1218 499 1274 548; x_wconf 89' lang='lat' dir='ltr'>ad</span> <span class='ocrx_word' id='word_1_23' title='bbox 1314 499 1670 564; x_wconf 89' lang='lat' dir='ltr'>perturbandos</span> 
     </span>
     <span class='ocr_line' id='line_1_5' title="bbox 316 579 982 643; baseline -0.006 -15"><span class='ocrx_word' id='word_1_24' title='bbox 316 582 511 628; x_wconf 89' lang='lat' dir='ltr'>animos</span> <span class='ocrx_word' id='word_1_25' title='bbox 539 581 683 628; x_wconf 92' lang='lat' dir='ltr'>unice</span> <span class='ocrx_word' id='word_1_26' title='bbox 706 579 914 643; x_wconf 87' lang='lat' dir='ltr'>pertinet</span> <span class='ocrx_word' id='word_1_27' title='bbox 942 597 982 624; x_wconf 88' lang='lat'>».</span> 
     </span>
    </p>
   </div>
   <div class='ocr_carea' id='block_1_3' title="bbox 319 729 1743 2339">
    <p class='ocr_par' dir='ltr' id='par_1_3' title="bbox 319 729 1743 2339">
     <span class='ocr_line' id='line_1_6' title="bbox 383 729 1669 798; baseline -0.004 -15"><span class='ocrx_word' id='word_1_28' title='bbox 383 736 512 783; x_wconf 92' lang='lat' dir='ltr'>Haec</span> <span class='ocrx_word' id='word_1_29' title='bbox 549 745 680 790; x_wconf 86' lang='lat' dir='ltr'>sunt,</span> <span class='ocrx_word' id='word_1_30' title='bbox 707 734 872 798; x_wconf 81' lang='lat' dir='ltr'>paucis</span> <span class='ocrx_word' id='word_1_31' title='bbox 900 732 1101 796; x_wconf 92' lang='lat' dir='ltr'>quidem</span> <span class='ocrx_word' id='word_1_32' title='bbox 1127 731 1286 779; x_wconf 88' lang='lat' dir='ltr'>verbis</span> <span class='ocrx_word' id='word_1_33' title='bbox 1302 741 1560 787; x_wconf 88' lang='lat' dir='ltr'>contracta,</span> <span class='ocrx_word' id='word_1_34' title='bbox 1586 729 1669 779; x_wconf 90' lang='lat' dir='ltr'>sed</span> 
     </span>
     <span class='ocr_line' id='line_1_7' title="bbox 321 807 1670 872; baseline -0.004 -12"><span class='ocrx_word' id='word_1_35' title='bbox 321 830 421 861; x_wconf 91' lang='lat' dir='ltr'>non</span> <span class='ocrx_word' id='word_1_36' title='bbox 459 813 582 859; x_wconf 87' lang='lat' dir='ltr'>forte</span> <span class='ocrx_word' id='word_1_37' title='bbox 633 812 782 858; x_wconf 90' lang='lat' dir='ltr'>nimis</span> <span class='ocrx_word' id='word_1_38' title='bbox 833 821 1096 866; x_wconf 86' lang='lat' dir='ltr'>attenuata,</span> <span class='ocrx_word' id='word_1_39' title='bbox 1129 825 1252 872; x_wconf 92' lang='lat' dir='ltr'>quae</span> <span class='ocrx_word' id='word_1_40' title='bbox 1301 808 1360 856; x_wconf 93' lang='lat' dir='ltr'>de</span> <span class='ocrx_word' id='word_1_41' title='bbox 1395 807 1670 872; x_wconf 90' lang='lat' dir='ltr'>respuendo</span> 
     </span>
     <span class='ocr_line' id='line_1_8' title="bbox 320 884 1670 953; baseline -0.004 -16"><span class='ocrx_word' id='word_1_42' title='bbox 320 890 508 937; x_wconf 89' lang='lat' dir='ltr'>theatro</span> <span class='ocrx_word' id='word_1_43' title='bbox 533 890 737 953; x_wconf 84' lang='lat' dir='ltr'>scriptor</span> <span class='ocrx_word' id='word_1_44' title='bbox 752 887 1003 935; x_wconf 86' lang='lat' dir='ltr'>sentiebat.</span> <span class='ocrx_word' id='word_1_45' title='bbox 1029 887 1159 941; x_wconf 85' lang='lat' dir='ltr'>Quis</span> <span class='ocrx_word' id='word_1_46' title='bbox 1175 887 1272 951; x_wconf 89' lang='lat' dir='ltr'>jam</span> <span class='ocrx_word' id='word_1_47' title='bbox 1297 902 1398 933; x_wconf 91' lang='lat' dir='ltr'>non</span> <span class='ocrx_word' id='word_1_48' title='bbox 1426 884 1670 950; x_wconf 87' lang='lat' dir='ltr'>intellegit</span> 
     </span>
     <span class='ocr_line' id='line_1_9' title="bbox 321 963 1668 1027; baseline -0.004 -12"><span class='ocrx_word' id='word_1_49' title='bbox 321 967 480 1023; x_wconf 86' lang='lat' dir='ltr'>illum,</span> <span class='ocrx_word' id='word_1_50' title='bbox 509 968 549 1015; x_wconf 87' lang='lat' dir='ltr'>si</span> <span class='ocrx_word' id='word_1_51' title='bbox 584 967 752 1013; x_wconf 89' lang='lat' dir='ltr'>minus</span> <span class='ocrx_word' id='word_1_52' title='bbox 784 966 833 1012; x_wconf 93' lang='lat' dir='ltr'>in</span> <span class='ocrx_word' id='word_1_53' title='bbox 864 965 1104 1012; x_wconf 86' lang='lat' dir='ltr'>universis</span> <span class='ocrx_word' id='word_1_54' title='bbox 1130 963 1362 1027; x_wconf 88' lang='lat' dir='ltr'>partibus,</span> <span class='ocrx_word' id='word_1_55' title='bbox 1389 973 1435 1010; x_wconf 92' lang='lat' dir='ltr'>at</span> <span class='ocrx_word' id='word_1_56' title='bbox 1459 973 1584 1010; x_wconf 90' lang='lat' dir='ltr'>certe</span> <span class='ocrx_word' id='word_1_57' title='bbox 1620 963 1668 1010; x_wconf 90' lang='lat' dir='ltr'>in</span> 
     </span>
     <span class='ocr_line' id='line_1_10' title="bbox 319 1039 1670 1109; baseline -0.004 -17"><span class='ocrx_word' id='word_1_58' title='bbox 319 1044 547 1109; x_wconf 88' lang='lat' dir='ltr'>plurimis</span> <span class='ocrx_word' id='word_1_59' title='bbox 608 1043 902 1090; x_wconf 79' lang='lat' dir='ltr'>devincere?</span> <span class='ocrx_word' id='word_1_60' title='bbox 945 1042 1071 1088; x_wconf 93' lang='lat' dir='ltr'>Nam</span> <span class='ocrx_word' id='word_1_61' title='bbox 1124 1042 1341 1104; x_wconf 90' lang='lat' dir='ltr'>primum</span> <span class='ocrx_word' id='word_1_62' title='bbox 1390 1040 1546 1103; x_wconf 90' lang='lat' dir='ltr'>liquet</span> <span class='ocrx_word' id='word_1_63' title='bbox 1585 1039 1670 1103; x_wconf 90' lang='lat' dir='ltr'>qui</span> 
     </span>
     <span class='ocr_line' id='line_1_11' title="bbox 321 1116 1672 1186; baseline -0.005 -16"><span class='ocrx_word' id='word_1_64' title='bbox 321 1123 370 1169; x_wconf 92' lang='lat' dir='ltr'>in</span> <span class='ocrx_word' id='word_1_65' title='bbox 394 1120 727 1186; x_wconf 82' lang='lat' dir='ltr'>spectaculum</span> <span class='ocrx_word' id='word_1_66' title='bbox 748 1120 935 1167; x_wconf 79' lang='lat' dir='ltr'>venerit</span> <span class='ocrx_word' id='word_1_67' title='bbox 958 1119 1055 1183; x_wconf 85' lang='lat' dir='ltr'>jam</span> <span class='ocrx_word' id='word_1_68' title='bbox 1078 1117 1152 1165; x_wconf 82' lang='lat' dir='ltr'>vel</span> <span class='ocrx_word' id='word_1_69' title='bbox 1180 1118 1392 1165; x_wconf 90' lang='lat' dir='ltr'>minimo</span> <span class='ocrx_word' id='word_1_70' title='bbox 1423 1116 1672 1180; x_wconf 90' lang='lat' dir='ltr'>cupidinis</span> 
     </span>
     <span class='ocr_line' id='line_1_12' title="bbox 322 1193 1672 1263; baseline -0.005 -16"><span class='ocrx_word' id='word_1_71' title='bbox 322 1200 423 1263; x_wconf 85' lang='lat' dir='ltr'>igni</span> <span class='ocrx_word' id='word_1_72' title='bbox 452 1214 731 1253; x_wconf 83' lang='lat' dir='ltr'>succensus,</span> <span class='ocrx_word' id='word_1_73' title='bbox 755 1213 871 1244; x_wconf 91' lang='lat' dir='ltr'>eum</span> <span class='ocrx_word' id='word_1_74' title='bbox 897 1197 945 1243; x_wconf 91' lang='lat' dir='ltr'>in</span> <span class='ocrx_word' id='word_1_75' title='bbox 980 1212 1161 1260; x_wconf 91' lang='lat' dir='ltr'>magno</span> <span class='ocrx_word' id='word_1_76' title='bbox 1193 1195 1474 1242; x_wconf 89' lang='lat' dir='ltr'>discrimine</span> <span class='ocrx_word' id='word_1_77' title='bbox 1495 1193 1672 1241; x_wconf 85' lang='lat' dir='ltr'>versari</span> 
     </span>
     <span class='ocr_line' id='line_1_13' title="bbox 322 1269 1671 1338; baseline -0.005 -14"><span class='ocrx_word' id='word_1_78' title='bbox 322 1294 381 1324; x_wconf 90' lang='lat' dir='ltr'>ne</span> <span class='ocrx_word' id='word_1_79' title='bbox 409 1277 574 1324; x_wconf 88' lang='lat' dir='ltr'>statim</span> <span class='ocrx_word' id='word_1_80' title='bbox 615 1276 830 1322; x_wconf 80' lang='lat' dir='ltr'>maximo</span> <span class='ocrx_word' id='word_1_81' title='bbox 868 1272 1098 1338; x_wconf 88' lang='lat' dir='ltr'>deflagret</span> <span class='ocrx_word' id='word_1_82' title='bbox 1147 1271 1388 1319; x_wconf 90' lang='lat' dir='ltr'>incendio.</span> <span class='ocrx_word' id='word_1_83' title='bbox 1418 1269 1671 1334; x_wconf 90' lang='lat' dir='ltr'>Quicquid</span> 
     </span>
     <span class='ocr_line' id='line_1_14' title="bbox 321 1349 1674 1416; baseline -0.004 -15"><span class='ocrx_word' id='word_1_84' title='bbox 321 1355 453 1401; x_wconf 90' lang='lat' dir='ltr'>enim</span> <span class='ocrx_word' id='word_1_85' title='bbox 511 1352 804 1416; x_wconf 92' lang='lat' dir='ltr'>cupidinum</span> <span class='ocrx_word' id='word_1_86' title='bbox 874 1352 922 1398; x_wconf 91' lang='lat' dir='ltr'>in</span> <span class='ocrx_word' id='word_1_87' title='bbox 983 1350 1127 1397; x_wconf 92' lang='lat' dir='ltr'>nobis</span> <span class='ocrx_word' id='word_1_88' title='bbox 1177 1349 1363 1397; x_wconf 83' lang='lat' dir='ltr'>latescit</span> <span class='ocrx_word' id='word_1_89' title='bbox 1422 1349 1472 1395; x_wconf 94' lang='lat' dir='ltr'>in</span> <span class='ocrx_word' id='word_1_90' title='bbox 1528 1364 1674 1396; x_wconf 90' lang='lat' dir='ltr'>scena</span> 
     </span>
     <span class='ocr_line' id='line_1_15' title="bbox 321 1425 1670 1494; baseline -0.005 -15"><span class='ocrx_word' id='word_1_91' title='bbox 321 1432 466 1479; x_wconf 87' lang='lat' dir='ltr'>etiam</span> <span class='ocrx_word' id='word_1_92' title='bbox 512 1431 756 1494; x_wconf 88' lang='lat' dir='ltr'>reperitur,</span> <span class='ocrx_word' id='word_1_93' title='bbox 801 1428 885 1476; x_wconf 92' lang='lat' dir='ltr'>ubi</span> <span class='ocrx_word' id='word_1_94' title='bbox 935 1429 983 1475; x_wconf 92' lang='lat' dir='ltr'>in</span> <span class='ocrx_word' id='word_1_95' title='bbox 1032 1427 1299 1475; x_wconf 90' lang='lat' dir='ltr'>clarissima</span> <span class='ocrx_word' id='word_1_96' title='bbox 1326 1425 1433 1473; x_wconf 89' lang='lat' dir='ltr'>luce</span> <span class='ocrx_word' id='word_1_97' title='bbox 1474 1425 1670 1472; x_wconf 88' lang='lat' dir='ltr'>eminet.</span> 
     </span>
     <span class='ocr_line' id='line_1_16' title="bbox 321 1501 1743 1578; baseline -0.005 -22"><span class='ocrx_word' id='word_1_98' title='bbox 321 1509 427 1557; x_wconf 92' lang='lat' dir='ltr'>Hoc</span> <span class='ocrx_word' id='word_1_99' title='bbox 467 1509 616 1578; x_wconf 88' lang='lat' dir='ltr'>igitur</span> <span class='ocrx_word' id='word_1_100' title='bbox 654 1506 945 1554; x_wconf 90' lang='lat' dir='ltr'>alterutrum</span> <span class='ocrx_word' id='word_1_101' title='bbox 987 1515 1041 1552; x_wconf 94' lang='lat' dir='ltr'>ut</span> <span class='ocrx_word' id='word_1_102' title='bbox 1068 1504 1152 1551; x_wconf 89' lang='lat' dir='ltr'>fiat</span> <span class='ocrx_word' id='word_1_103' title='bbox 1181 1520 1374 1551; x_wconf 89' lang='lat' dir='ltr'>necesse</span> <span class='ocrx_word' id='word_1_104' title='bbox 1394 1514 1491 1550; x_wconf 91' lang='lat' dir='ltr'>est:</span> <span class='ocrx_word' id='word_1_105' title='bbox 1520 1501 1672 1557; x_wconf 89' lang='lat' dir='ltr'>Quod</span> <span class='ocrx_word' id='word_1_106' title='bbox 1742 1511 1743 1516; x_wconf 76' lang='grc'>’</span> 
     </span>
     <span class='ocr_line' id='line_1_17' title="bbox 322 1582 1674 1643; baseline -0.005 -10"><span class='ocrx_word' id='word_1_107' title='bbox 322 1587 360 1634; x_wconf 91' lang='lat' dir='ltr'>si</span> <span class='ocrx_word' id='word_1_108' title='bbox 391 1596 554 1633; x_wconf 89' lang='lat' dir='ltr'>nostra</span> <span class='ocrx_word' id='word_1_109' title='bbox 581 1585 698 1631; x_wconf 82' lang='lat' dir='ltr'>vitia</span> <span class='ocrx_word' id='word_1_110' title='bbox 736 1582 965 1630; x_wconf 91' lang='lat' dir='ltr'>laudibus</span> <span class='ocrx_word' id='word_1_111' title='bbox 987 1592 1239 1637; x_wconf 85' lang='lat' dir='ltr'>ornantur,</span> <span class='ocrx_word' id='word_1_112' title='bbox 1275 1590 1359 1628; x_wconf 89' lang='lat' dir='ltr'>aut</span> <span class='ocrx_word' id='word_1_113' title='bbox 1395 1590 1518 1627; x_wconf 89' lang='lat' dir='ltr'>certe</span> <span class='ocrx_word' id='word_1_114' title='bbox 1555 1596 1674 1643; x_wconf 90' lang='lat' dir='ltr'>qua-</span> 
     </span>
     <span class='ocr_line' id='line_1_18' title="bbox 322 1657 1671 1713; baseline -0.005 -3"><span class='ocrx_word' id='word_1_115' title='bbox 322 1663 434 1710; x_wconf 91' lang='lat' dir='ltr'>dam</span> <span class='ocrx_word' id='word_1_116' title='bbox 499 1662 735 1709; x_wconf 86' lang='lat' dir='ltr'>suavitate</span> <span class='ocrx_word' id='word_1_117' title='bbox 798 1659 1024 1707; x_wconf 92' lang='lat' dir='ltr'>colorum</span> <span class='ocrx_word' id='word_1_118' title='bbox 1076 1657 1541 1713; x_wconf 40' lang='lat' dir='ltr'>commendantur&amp;</span> <span class='ocrx_word' id='word_1_119' title='bbox 1571 1673 1671 1703; x_wconf 94' lang='lat' dir='ltr'>non</span> 
     </span>
     <span class='ocr_line' id='line_1_19' title="bbox 321 1696 1672 1800; baseline -0.005 -15"><span class='ocrx_word' id='word_1_120' title='bbox 321 1753 494 1785; x_wconf 88' lang='lat' dir='ltr'>eorum</span> <span class='ocrx_word' id='word_1_121' title='bbox 517 1735 666 1800; x_wconf 91' lang='lat' dir='ltr'>pudet</span> <span class='ocrx_word' id='word_1_122' title='bbox 694 1751 799 1790; x_wconf 87' lang='lat' dir='ltr'>nos,</span> <span class='ocrx_word' id='word_1_123' title='bbox 829 1735 949 1797; x_wconf 93' lang='lat' dir='ltr'>quin</span> <span class='ocrx_word' id='word_1_124' title='bbox 994 1734 1158 1797; x_wconf 90' lang='lat' dir='ltr'>potius</span> <span class='ocrx_word' id='word_1_125' title='bbox 1186 1733 1253 1780; x_wconf 91' lang='lat' dir='ltr'>eis</span> <span class='ocrx_word' id='word_1_126' title='bbox 1277 1696 1558 1796; x_wconf 65' lang='lat' dir='ltr'>gloriamur.</span> <span class='ocrx_word' id='word_1_127' title='bbox 1588 1730 1672 1778; x_wconf 90' lang='lat' dir='ltr'>Sin</span> 
     </span>
     <span class='ocr_line' id='line_1_20' title="bbox 322 1807 1678 1874; baseline -0.006 -12"><span class='ocrx_word' id='word_1_128' title='bbox 322 1825 487 1863; x_wconf 91' lang='lat' dir='ltr'>autem</span> <span class='ocrx_word' id='word_1_129' title='bbox 515 1813 681 1860; x_wconf 90' lang='lat' dir='ltr'>omnis</span> <span class='ocrx_word' id='word_1_130' title='bbox 712 1812 861 1859; x_wconf 88' lang='lat' dir='ltr'>fucati</span> <span class='ocrx_word' id='word_1_131' title='bbox 887 1810 1064 1858; x_wconf 86' lang='lat' dir='ltr'>coloris</span> <span class='ocrx_word' id='word_1_132' title='bbox 1093 1810 1300 1874; x_wconf 86' lang='lat' dir='ltr'>expertia</span> <span class='ocrx_word' id='word_1_133' title='bbox 1324 1820 1371 1856; x_wconf 92' lang='lat' dir='ltr'>et</span> <span class='ocrx_word' id='word_1_134' title='bbox 1398 1825 1493 1872; x_wconf 92' lang='lat' dir='ltr'>qua</span> <span class='ocrx_word' id='word_1_135' title='bbox 1521 1807 1678 1856; x_wconf 80' lang='lat' dir='ltr'>defor:</span> 
     </span>
     <span class='ocr_line' id='line_1_21' title="bbox 324 1885 1673 1950; baseline -0.005 -11"><span class='ocrx_word' id='word_1_136' title='bbox 324 1893 490 1939; x_wconf 91' lang='lat' dir='ltr'>mitate</span> <span class='ocrx_word' id='word_1_137' title='bbox 539 1907 591 1937; x_wconf 94' lang='lat' dir='ltr'>ac</span> <span class='ocrx_word' id='word_1_138' title='bbox 629 1889 860 1937; x_wconf 84' lang='lat' dir='ltr'>foeditate</span> <span class='ocrx_word' id='word_1_139' title='bbox 907 1899 1024 1935; x_wconf 92' lang='lat' dir='ltr'>sunt</span> <span class='ocrx_word' id='word_1_140' title='bbox 1052 1889 1100 1934; x_wconf 90' lang='lat' dir='ltr'>in</span> <span class='ocrx_word' id='word_1_141' title='bbox 1135 1898 1454 1950; x_wconf 89' lang='lat' dir='ltr'>conspectum</span> <span class='ocrx_word' id='word_1_142' title='bbox 1478 1885 1673 1937; x_wconf 82' lang='lat' dir='ltr'>cadunt,</span> 
     </span>
     <span class='ocr_line' id='line_1_22' title="bbox 322 1960 1677 2028; baseline -0.005 -13"><span class='ocrx_word' id='word_1_143' title='bbox 322 1980 431 2015; x_wconf 89' lang='lat' dir='ltr'>tum</span> <span class='ocrx_word' id='word_1_144' title='bbox 463 1967 667 2014; x_wconf 91' lang='lat' dir='ltr'>demum</span> <span class='ocrx_word' id='word_1_145' title='bbox 695 1983 748 2013; x_wconf 92' lang='lat' dir='ltr'>ea</span> <span class='ocrx_word' id='word_1_146' title='bbox 780 1965 1096 2013; x_wconf 81' lang='lat' dir='ltr'>vehementer</span> <span class='ocrx_word' id='word_1_147' title='bbox 1123 1963 1475 2028; x_wconf 86' lang='lat' dir='ltr'>improbamus.</span> <span class='ocrx_word' id='word_1_148' title='bbox 1506 1960 1677 2025; x_wconf 84' lang='lat' dir='ltr'>Explo-</span> 
     </span>
     <span class='ocr_line' id='line_1_23' title="bbox 323 2040 1674 2106; baseline -0.005 -14"><span class='ocrx_word' id='word_1_149' title='bbox 323 2045 488 2092; x_wconf 88' lang='lat' dir='ltr'>dimus</span> <span class='ocrx_word' id='word_1_150' title='bbox 518 2060 647 2099; x_wconf 73' lang='lat' dir='ltr'>vero,</span> <span class='ocrx_word' id='word_1_151' title='bbox 700 2059 800 2090; x_wconf 91' lang='lat' dir='ltr'>non</span> <span class='ocrx_word' id='word_1_152' title='bbox 845 2044 1180 2106; x_wconf 81' lang='lat' dir='ltr'>exstirpamus.</span> <span class='ocrx_word' id='word_1_153' title='bbox 1208 2041 1335 2088; x_wconf 90' lang='lat' dir='ltr'>Nam</span> <span class='ocrx_word' id='word_1_154' title='bbox 1365 2056 1465 2087; x_wconf 92' lang='lat' dir='ltr'>non</span> <span class='ocrx_word' id='word_1_155' title='bbox 1504 2040 1553 2086; x_wconf 90' lang='lat' dir='ltr'>in</span> <span class='ocrx_word' id='word_1_156' title='bbox 1593 2055 1674 2086; x_wconf 92' lang='lat' dir='ltr'>ore</span> 
     </span>
     <span class='ocr_line' id='line_1_24' title="bbox 323 2114 1678 2182; baseline -0.005 -13"><span class='ocrx_word' id='word_1_157' title='bbox 323 2121 563 2169; x_wconf 88' lang='lat' dir='ltr'>habemus</span> <span class='ocrx_word' id='word_1_158' title='bbox 609 2120 813 2168; x_wconf 75' lang='lat' dir='ltr'>verbum</span> <span class='ocrx_word' id='word_1_159' title='bbox 850 2130 1028 2167; x_wconf 90' lang='lat' dir='ltr'>notum</span> <span class='ocrx_word' id='word_1_160' title='bbox 1075 2119 1226 2166; x_wconf 84' lang='lat' dir='ltr'>«Hac</span> <span class='ocrx_word' id='word_1_161' title='bbox 1267 2134 1357 2182; x_wconf 89' lang='lat' dir='ltr'>ego</span> <span class='ocrx_word' id='word_1_162' title='bbox 1407 2114 1678 2180; x_wconf 89' lang='lat' dir='ltr'>compellor</span> 
     </span>
     <span class='ocr_line' id='line_1_25' title="bbox 323 2193 1670 2263; baseline -0.005 -17"><span class='ocrx_word' id='word_1_163' title='bbox 323 2200 535 2263; x_wconf 85' lang='lat' dir='ltr'>imagine</span> <span class='ocrx_word' id='word_1_164' title='bbox 563 2204 577 2222; x_wconf 87' lang='lat'>²</span> <span class='ocrx_word' id='word_1_165' title='bbox 625 2215 675 2253; x_wconf 77' lang='lat'>»3</span> <span class='ocrx_word' id='word_1_166' title='bbox 703 2199 861 2244; x_wconf 92' lang='lat' dir='ltr'>immo</span> <span class='ocrx_word' id='word_1_167' title='bbox 908 2196 1001 2244; x_wconf 89' lang='lat' dir='ltr'>hoc</span> <span class='ocrx_word' id='word_1_168' title='bbox 1029 2195 1161 2243; x_wconf 90' lang='lat' dir='ltr'>aliud</span> <span class='ocrx_word' id='word_1_169' title='bbox 1207 2195 1304 2242; x_wconf 86' lang='lat' dir='ltr'>fere</span> <span class='ocrx_word' id='word_1_170' title='bbox 1345 2193 1670 2241; x_wconf 88' lang='lat' dir='ltr'>adhibemus:</span> 
     </span>
     <span class='ocr_line' id='line_1_26' title="bbox 328 2270 1675 2339; baseline -0.003 -19"><span class='ocrx_word' id='word_1_171' title='bbox 328 2296 350 2320; x_wconf 87' lang='lat'>«</span> <span class='ocrx_word' id='word_1_172' title='bbox 381 2276 492 2323; x_wconf 92' lang='lat' dir='ltr'>Non</span> <span class='ocrx_word' id='word_1_173' title='bbox 523 2292 612 2339; x_wconf 90' lang='lat' dir='ltr'>ego</span> <span class='ocrx_word' id='word_1_174' title='bbox 640 2275 892 2338; x_wconf 86' lang='lat' dir='ltr'>depingor,</span> <span class='ocrx_word' id='word_1_175' title='bbox 929 2290 1030 2320; x_wconf 93' lang='lat' dir='ltr'>non</span> <span class='ocrx_word' id='word_1_176' title='bbox 1068 2289 1159 2337; x_wconf 88' lang='lat' dir='ltr'>ego</span> <span class='ocrx_word' id='word_1_177' title='bbox 1188 2270 1527 2336; x_wconf 84' lang='lat' dir='ltr'>reprehendor,</span> <span class='ocrx_word' id='word_1_178' title='bbox 1555 2281 1602 2317; x_wconf 91' lang='lat' dir='ltr'>at</span> <span class='ocrx_word' id='word_1_179' title='bbox 1621 2280 1675 2317; x_wconf 92' lang='lat' dir='ltr'>tu</span> 
     </span>
    </p>
   </div>
   <div class='ocr_carea' id='block_1_4' title="bbox 380 2446 1678 2506">
    <p class='ocr_par' dir='ltr' id='par_1_4' title="bbox 380 2446 1678 2506">
     <span class='ocr_line' id='line_1_27' title="bbox 380 2446 1678 2506; baseline -0.005 -13"><span class='ocrx_word' id='word_1_180' title='bbox 380 2467 414 2492; x_wconf 84' lang='lat'>1.</span> <span class='ocrx_word' id='word_1_181' title='bbox 449 2469 467 2489; x_wconf 82' lang='lat'>‹&lt;</span> <span class='ocrx_word' id='word_1_182' title='bbox 491 2453 531 2493; x_wconf 90' lang='lat' dir='ltr'>Si</span> <span class='ocrx_word' id='word_1_183' title='bbox 565 2453 600 2492; x_wconf 90' lang='lat' dir='ltr'>le</span> <span class='ocrx_word' id='word_1_184' title='bbox 631 2453 783 2506; x_wconf 86' lang='lat' dir='ltr'>peintre</span> <span class='ocrx_word' id='word_1_185' title='bbox 815 2451 960 2491; x_wconf 87' lang='lat' dir='ltr'>n’avait</span> <span class='ocrx_word' id='word_1_186' title='bbox 983 2451 1072 2490; x_wconf 89' lang='lat' dir='ltr'>soin</span> <span class='ocrx_word' id='word_1_187' title='bbox 1093 2450 1140 2490; x_wconf 90' lang='lat' dir='ltr'>de</span> <span class='ocrx_word' id='word_1_188' title='bbox 1165 2449 1293 2490; x_wconf 85' lang='lat' dir='ltr'>flatter</span> <span class='ocrx_word' id='word_1_189' title='bbox 1317 2462 1381 2488; x_wconf 91' lang='lat' dir='ltr'>ces</span> <span class='ocrx_word' id='word_1_190' title='bbox 1401 2448 1598 2502; x_wconf 90' lang='lat' dir='ltr'>passions,</span> <span class='ocrx_word' id='word_1_191' title='bbox 1621 2446 1678 2486; x_wconf 87' lang='lat' dir='ltr'>les</span> 
     </span>
    </p>
   </div>
   <div class='ocr_carea' id='block_1_5' title="bbox 324 2506 1756 2566">
    <p class='ocr_par' dir='ltr' id='par_1_5' title="bbox 324 2506 1756 2566">
     <span class='ocr_line' id='line_1_28' title="bbox 324 2506 1756 2566; baseline -0.003 -16"><span class='ocrx_word' id='word_1_192' title='bbox 324 2521 563 2566; x_wconf 87' lang='lat' dir='ltr'>spectateurs</span> <span class='ocrx_word' id='word_1_193' title='bbox 590 2513 757 2551; x_wconf 85' lang='lat' dir='ltr'>seraient</span> <span class='ocrx_word' id='word_1_194' title='bbox 781 2511 935 2551; x_wconf 76' lang='lat' dir='ltr'>bientot</span> <span class='ocrx_word' id='word_1_195' title='bbox 952 2510 1124 2559; x_wconf 78' lang='lat' dir='ltr'>rebutes‚</span> <span class='ocrx_word' id='word_1_196' title='bbox 1142 2519 1179 2548; x_wconf 92' lang='lat' dir='ltr'>et</span> <span class='ocrx_word' id='word_1_197' title='bbox 1202 2523 1250 2548; x_wconf 86' lang='lat' dir='ltr'>ne</span> <span class='ocrx_word' id='word_1_198' title='bbox 1269 2508 1502 2548; x_wconf 87' lang='lat' dir='ltr'>voudraient</span> <span class='ocrx_word' id='word_1_199' title='bbox 1525 2506 1613 2561; x_wconf 91' lang='lat' dir='ltr'>plus</span> <span class='ocrx_word' id='word_1_200' title='bbox 1633 2519 1675 2546; x_wconf 88' lang='lat' dir='ltr'>se</span> <span class='ocrx_word' id='word_1_201' title='bbox 1741 2531 1756 2538; x_wconf 89' lang='lat'>-</span> 
     </span>
    </p>
   </div>
   <div class='ocr_carea' id='block_1_6' title="bbox 323 2567 1678 2743">
    <p class='ocr_par' dir='ltr' id='par_1_6' title="bbox 323 2567 1678 2743">
     <span class='ocr_line' id='line_1_29' title="bbox 323 2567 1678 2624; baseline -0.005 -13"><span class='ocrx_word' id='word_1_202' title='bbox 323 2572 409 2611; x_wconf 84' lang='lat' dir='ltr'>voir</span> <span class='ocrx_word' id='word_1_203' title='bbox 427 2585 519 2611; x_wconf 88' lang='lat' dir='ltr'>sous</span> <span class='ocrx_word' id='word_1_204' title='bbox 535 2585 588 2610; x_wconf 89' lang='lat' dir='ltr'>un</span> <span class='ocrx_word' id='word_1_205' title='bbox 606 2580 739 2624; x_wconf 86' lang='lat' dir='ltr'>aspect</span> <span class='ocrx_word' id='word_1_206' title='bbox 759 2571 825 2624; x_wconf 93' lang='lat' dir='ltr'>qui</span> <span class='ocrx_word' id='word_1_207' title='bbox 843 2570 899 2610; x_wconf 90' lang='lat' dir='ltr'>les</span> <span class='ocrx_word' id='word_1_208' title='bbox 916 2570 961 2609; x_wconf 80' lang='lat' dir='ltr'>fit</span> <span class='ocrx_word' id='word_1_209' title='bbox 980 2569 1169 2622; x_wconf 72' lang='lat' dir='ltr'>mepriser</span> <span class='ocrx_word' id='word_1_210' title='bbox 1185 2568 1492 2607; x_wconf 78' lang='lat' dir='ltr'>d&#39;eux-memes.</span> <span class='ocrx_word' id='word_1_211' title='bbox 1513 2582 1531 2602; x_wconf 65' lang='lat'>&gt;³</span> <span class='ocrx_word' id='word_1_212' title='bbox 1552 2567 1678 2606; x_wconf 88' lang='lat' dir='ltr'>Rous-</span> 
     </span>
     <span class='ocr_line' id='line_1_30' title="bbox 326 2629 875 2680; baseline -0.004 -10"><span class='ocrx_word' id='word_1_213' title='bbox 326 2644 435 2680; x_wconf 88' lang='lat' dir='ltr'>seau,</span> <span class='ocrx_word' id='word_1_214' title='bbox 457 2632 578 2670; x_wconf 78' lang='lat' dir='ltr'>Lettre</span> <span class='ocrx_word' id='word_1_215' title='bbox 596 2631 619 2670; x_wconf 86' lang='grc' dir='ltr'><em>ὰ</em></span> <span class='ocrx_word' id='word_1_216' title='bbox 633 2629 875 2670; x_wconf 84' lang='lat' dir='ltr'>d’Alembert.</span> 
     </span>
     <span class='ocr_line' id='line_1_31' title="bbox 378 2688 1003 2743; baseline -0.003 -14"><span class='ocrx_word' id='word_1_217' title='bbox 378 2703 415 2729; x_wconf 84' lang='lat'>2.</span> <span class='ocrx_word' id='word_1_218' title='bbox 449 2691 589 2729; x_wconf 88' lang='lat' dir='ltr'>Horat.</span> <span class='ocrx_word' id='word_1_219' title='bbox 615 2689 793 2743; x_wconf 66' lang='lat' dir='ltr'>epistul„</span> <span class='ocrx_word' id='word_1_220' title='bbox 814 2688 839 2727; x_wconf 95' lang='lat' dir='ltr'>l.</span> <span class='ocrx_word' id='word_1_221' title='bbox 865 2690 895 2738; x_wconf 92' lang='lat'>1,</span> <span class='ocrx_word' id='word_1_222' title='bbox 912 2689 1003 2727; x_wconf 93' lang='lat' dir='ltr'>VII.</span> 
     </span>
    </p>
   </div>
  </div>
 </body>
</html>
