1930 3294
877 285 932 291 -.
965 275 1021 317 44
1054 285 1111 292 ...-

310 370 549 416 Bossuetii
606 369 1011 418 conclusionem:
1060 391 1081 416 «
1135 372 1301 435 Itaque
1347 372 1440 420 hoc
1491 373 1655 421 solum

311 448 470 509 poesis
505 448 830 514 propositum,
866 447 959 495 hoc
998 448 1164 496 solum
1206 450 1254 496 in
1292 450 1462 497 animo
1501 451 1656 514 poetis

310 534 394 577 est,
437 524 859 587 quemadmodum
905 541 1076 573 eorum
1126 526 1311 583 heroes,
1363 527 1427 574 ita
1474 538 1520 574 et
1566 544 1656 576 nos

309 601 624 664 pulchrarum
671 602 967 650 feminarum
1017 619 1181 651 amore
1230 603 1444 668 deperire
1486 615 1532 652 et
1571 605 1654 663 eis,

309 679 450 726 sicuti
485 679 681 734 deabus,
719 679 947 727 adhibere
981 680 1188 736 cultum,
1229 692 1275 728 et
1314 681 1526 744 denique
1571 683 1654 739 eis,

309 767 492 819 praeter
539 752 693 803 solam
746 756 945 804 fortasse
978 757 1248 821 gloriam‚...
1279 769 1431 806 cetera
1482 760 1656 807 immo-

307 832 458 880 lari1?
499 853 521 878 >³
582 833 823 897 Equidem
864 833 1003 882 valde
1050 836 1200 883 miror
1243 837 1281 883 si
1324 847 1423 883 tam
1462 827 1691 884 acerbae⁴

307 912 575 958 sententiae
599 910 676 959 vel
706 912 974 959 minimum
996 912 1201 960 verbum
1230 914 1279 960 in
1309 912 1434 960 hanc
1463 929 1656 961 comoe-

306 987 436 1035 diam
469 988 616 1035 cadat.
654 988 745 1036 Sed
775 1005 889 1036 cum
915 988 1009 1036 hoc
1036 1006 1176 1053 grave
1202 990 1442 1054 judicium
1471 990 1655 1055 judicio

306 1065 364 1112 de
380 1065 542 1113 fabula
562 1066 599 1113 le
621 1065 709 1114 Cid
730 1067 991 1114 continens
1013 1068 1074 1114 sit
1096 1078 1142 1114 et
1164 1083 1362 1131 prorsus
1377 1084 1655 1116 accommo-

306 1142 491 1199 datum,
522 1159 623 1190 non
656 1143 876 1191 dubitare
902 1160 1170 1207 possumus
1202 1146 1323 1208 quin
1355 1144 1654 1209 collegarum

305 1220 621 1268 damnatione
681 1221 972 1268 Cornelium
1019 1223 1183 1285 ipsum
1239 1223 1528 1270 Bossuetius
1576 1222 1654 1271 hic

305 1298 692 1346 circumvenerit.
748 1298 899 1352 Quod
942 1300 1124 1346 crimen
1171 1299 1356 1347 diluere
1402 1301 1652 1364 cogimur;

306 1391 393 1423 nec
417 1375 616 1423 fortasse
648 1392 720 1423 res
743 1377 792 1422 in
819 1392 1049 1439 magnam
1073 1376 1412 1424 difficultatem
1437 1378 1650 1425 incurrit.

370 1507 562 1554 Etenim
581 1523 681 1554 non
698 1506 1077 1570 diligentissima
1102 1509 1508 1571 pervestigatione
1527 1525 1653 1572 opus

305 1595 377 1631 est
414 1595 467 1631 ut
514 1583 858 1648 intellegamus
903 1601 1121 1632 amorem
1175 1601 1324 1648 paene
1370 1602 1561 1649 semper
1601 1586 1650 1632 in

358 1722 391 1748 1.
424 1708 621 1757 Maximes,
649 1710 717 1748 IV.
740 1733 793 1737 —
814 1709 875 1749 Cf.
898 1725 906 1749 ε
931 1726 947 1745 α
971 1709 1150 1749 N’est-ce
1178 1723 1245 1763 pas
1281 1724 1334 1750 un
1373 1710 1531 1750 terrible
1573 1709 1651 1750 mal

303 1781 379 1822 que
397 1777 497 1808 cette
514 1767 692 1807 idolatrie
713 1782 789 1822 que
809 1778 986 1808 commet
1004 1769 1039 1808 le
1055 1770 1339 1822 coeurhumain
1357 1770 1452 1809 dans
1470 1783 1548 1809 une
1567 1771 1652 1809 vio-

304 1827 408 1867 lente
429 1828 586 1881 passion
602 1830 617 1867 ?
632 1827 805 1868 N’est-ce
827 1835 894 1881 pas
908 1842 956 1867 en
969 1828 1138 1882 quelque
1150 1828 1281 1868 sensle
1293 1829 1516 1882 plussgrand
1528 1830 1652 1883 peche

303 1886 423 1940 qu’on
433 1888 564 1940 puisse
573 1890 834 1927 commettre?
849 1889 901 1927 La
915 1889 1088 1927 creature
1105 1902 1130 1942 y
1145 1889 1279 1928 chasse
1294 1890 1394 1928 Dieu
1407 1888 1460 1928 du
1474 1902 1588 1928 coeur
1604 1889 1652 1928 de

303 1945 511 1994 l'homme,
531 1959 633 1999 pour
656 1960 681 1999 y
701 1947 885 1986 dominer
898 1947 919 1985 a
939 1961 979 1986 sa
994 1947 1119 2000 place,
1136 1961 1161 2000 y
1181 1949 1357 1987 recevoir
1371 1947 1438 1988 des
1460 1948 1651 1988 sacrifices

303 2014 341 2044 et
360 2005 427 2045 des
444 2005 718 2045 adorations...

419 2082 641 2118 Maintenant
661 2083 745 2130 qu‘il
765 2083 865 2131 s’agit
889 2084 931 2119 de
953 2095 1037 2118 mon
1061 2084 1135 2119 seul
1153 2084 1292 2127 interet,

420 2137 519 2172 Vous
539 2136 733 2171 demandez
755 2149 813 2172 ma
834 2146 939 2180 mort,
968 2138 1036 2184 j'en
1053 2146 1193 2184 accepte
1214 2137 1340 2182 l'arret,

419 2189 529 2225 Votre
548 2190 793 2225 ressentiment
815 2191 942 2226 choisit
960 2190 992 2226 la
1018 2191 1114 2226 main
1125 2191 1211 2226 d'un
1230 2200 1341 2234 autre,

420 2243 460 2289 Je
478 2255 523 2278 ne
540 2244 694 2278 meritais
709 2255 768 2290 pas
786 2245 830 2279 de
850 2245 984 2279 mourir
1003 2245 1046 2279 de
1068 2244 1100 2279 la
1119 2247 1230 2280 votre.

421 2297 481 2332 On
499 2308 542 2332 ne
562 2308 620 2332 me
636 2308 733 2332 verra
749 2298 849 2344 point
869 2309 914 2333 en
927 2309 1110 2344 repousser
1127 2298 1177 2333 les
1196 2309 1317 2345 coups.

419 2351 460 2397 Je
479 2350 556 2386 dois
576 2359 655 2398 trop
675 2351 719 2386 de
739 2360 872 2398 respect
892 2353 912 2386 a
934 2352 994 2399 qui
1014 2352 1155 2399 combat
1176 2363 1267 2399 pour
1283 2362 1387 2395 vous,

421 2404 463 2439 Et
480 2405 553 2439 ravi
571 2404 614 2439 de
634 2416 759 2451 penset
775 2416 844 2451 que
863 2405 946 2440 c’est
967 2405 1010 2440 de
1023 2417 1112 2440 vous
1132 2405 1236 2452 qu’ils
1253 2406 1434 2448 viennent,

419 2458 572 2504 Puisque
592 2457 675 2492 c'est
693 2467 795 2493 votre
815 2458 980 2494 honneur
992 2470 1060 2506 que
1077 2469 1130 2494 ses
1149 2470 1263 2494 armes
1288 2459 1528 2502 soutiennent,

418 2511 459 2556 Je
481 2511 552 2546 vais
571 2510 621 2546 lui
643 2512 820 2558 presentet
837 2523 924 2547 mon
945 2521 1101 2547 estomac
1123 2521 1260 2555 ouvert,

420 2565 581 2599 Adorant
595 2575 637 2598 en
659 2576 696 2599 sa
716 2566 812 2599 main
829 2565 862 2600 la
880 2567 977 2600 Votre
993 2566 1053 2612 qui
1073 2577 1130 2600 me
1148 2567 1243 2612 perd.

357 2663 374 2682 α
402 2648 460 2685 En
481 2647 602 2686 verite'
623 2658 796 2700 peut-on
817 2661 981 2701 pousser
997 2648 1031 2687 la
1049 2649 1297 2702 profanation
1319 2648 1406 2702 plus
1426 2650 1645 2688 avant...?»

306 2706 440 2753 Comi,
470 2706 593 2745 Traite'
608 2706 649 2745 de
668 2706 705 2745 Ia
720 2707 898 2746 Come'die.
