1930 3294
882 290 939 295 -
976 279 1028 322 34
1060 291 1117 296 .-

319 375 406 422 luti
430 376 651 423 Tartuffii
683 378 854 439 perrari
884 388 1014 433 sunt,
1054 394 1154 424 non
1184 377 1362 424 desunt
1396 389 1575 435 tamen,
1603 395 1662 427 ne

315 453 442 516 apud
466 453 624 501 bonos
658 453 874 517 quidem,
903 455 1002 517 qui,
1034 466 1087 501 ut
1124 455 1188 501 ita
1212 454 1386 510 dicam,
1419 474 1441 500 c<
1470 457 1661 504 semisin-

313 532 399 577 ceri
428 550 448 574 »
495 530 762 578 videantur.
796 531 995 585 Quanta
1027 532 1174 595 igitur
1205 531 1384 595 cupido
1422 532 1657 581 omnibus

315 609 398 671 qui
427 609 547 655 circa
580 625 663 655 eos
694 619 823 664 sunt,
852 610 1002 672 captis
1030 625 1199 656 manca
1238 608 1449 672 quadarn
1492 610 1660 658 simili-

315 685 499 741 tudine,
597 687 666 732 eis
760 697 899 749 turpe
991 685 1279 750 imponendi
1373 703 1653 751 cognomen

318 782 340 807 «
382 762 650 810 dimidiatis
682 762 931 810 Tartuffiis
966 765 1019 810 »!
1067 763 1149 811 Ob
1195 780 1273 810 eas
1316 779 1429 828 ergo
1482 781 1658 812 omnes

315 856 496 896 causas,
519 840 683 903 aliqua
710 839 840 888 labes
865 839 1156 904 Relligionis
1186 840 1413 904 dignitati
1436 841 1660 906 adspersa

315 917 516 965 videtur.
551 918 608 964 Et
646 917 854 965 Molerio
902 935 1001 965 non
1040 918 1216 982 agitare
1259 929 1359 965 tam
1395 920 1657 983 ancipitem

315 1011 413 1041 rem
468 994 643 1042 melius
701 995 819 1051 fuit,
885 1011 1035 1059 quam
1092 1011 1164 1042 ars
1217 996 1422 1059 perfecta
1485 996 1658 1060 visque

315 1073 415 1135 ipsa
469 1073 654 1136 ingenii
710 1089 810 1120 non
852 1071 1155 1120 tolerabilem
1191 1083 1263 1120 tot
1309 1073 1659 1136 spectatoribus

315 1149 506 1197 reddere
532 1161 731 1214 poterat.

373 1264 499 1311 Sunt
539 1264 687 1327 igitur
715 1265 764 1310 in
800 1280 853 1311 ea
893 1264 1135 1311 sententia
1175 1280 1326 1326 quam
1355 1263 1412 1311 de
1450 1263 1658 1312 Molerio

313 1340 427 1387 tulit
454 1342 658 1404 scriptor
681 1341 862 1404 quibus
891 1357 1005 1388 sane
1042 1341 1262 1388 assentiri
1296 1340 1529 1404 expediat,
1567 1340 1659 1388 alia

311 1434 424 1465 vero
447 1435 570 1481 quae
601 1419 819 1483 mitigare
846 1417 981 1466 velis.
1012 1419 1138 1466 Sunt
1163 1419 1324 1474 etiam,
1358 1429 1412 1465 ut
1441 1418 1657 1475 arbitror,

313 1495 494 1558 quibus
528 1495 730 1553 forsitan
765 1495 936 1543 addere
971 1497 1141 1559 possis.
1175 1496 1317 1551 Nam,
1349 1496 1576 1559 separatis
1601 1496 1674 1543 is·-

312 1573 372 1619 tis
392 1573 654 1621 verborum
672 1572 914 1629 sordibus,
932 1589 1070 1636 quae,
1091 1583 1145 1620 ut
1163 1572 1510 1629 demonstravi,
1530 1589 1657 1620 rarae

310 1650 438 1713 apud
464 1650 725 1698 Molerium
755 1662 885 1707 sunt,
921 1667 1022 1698 non
1058 1667 1156 1698 una
1192 1650 1446 1698 comoedia
1473 1651 1522 1697 in
1551 1651 1657 1715 ejus

311 1726 498 1775 theatro
547 1728 686 1791 quasi
731 1727 1036 1792 voluptatem
1085 1727 1197 1775 olet.
1255 1728 1367 1775 Non
1419 1728 1551 1775 enim
1597 1727 1656 1775 de

311 1804 550 1858 Quinaldi
579 1805 743 1852 solum
760 1805 1031 1853 comoediis
1050 1804 1316 1852 dicendum
1341 1815 1436 1852 est:
1462 1824 1486 1850 ε(
1513 1804 1654 1853 Certa

310 1882 548 1945 quaedam
595 1882 894 1946 corruptelae
931 1882 997 1930 ibi
1033 1883 1281 1930 invenitur
1311 1881 1524 1950 formula
1554 1888 1564 1906 ¹
1597 1899 1654 1939 »3

309 1959 586 2023 complures
621 1959 813 2007 Molerii
860 1976 1060 2023 quoque
1098 1959 1288 2007 fabulae
1320 1978 1342 2004 (ι
1372 1959 1652 2007 lenocinan-

308 2036 439 2085 tibus
500 2038 835 2084 invitamentis
913 2037 971 2084 ad
1036 2038 1309 2102 juventutis
1378 2036 1653 2100 voluptates

307 2114 618 2177 perfruendas
660 2114 930 2178 implentur
951 2120 965 2138 ²
998 2134 1038 2161 ».
1070 2115 1299 2178 Longum
1331 2113 1405 2162 est'
1433 2113 1650 2178 profecto

305 2191 583 2239 fabularum
615 2191 750 2239 locos
777 2208 1075 2248 enumerare,
1107 2193 1156 2238 in
1187 2191 1368 2255 quibus
1397 2190 1475 2238 hic
1510 2201 1653 2254 poeta

306 2269 569 2332 voluptatis
619 2270 947 2333 patrocinium
999 2270 1240 2332 suscipere
1289 2268 1504 2325 videtur;
1537 2269 1651 2316 satis

304 2347 391 2394 erit
426 2346 580 2394 dicere
618 2347 895 2410 complures
941 2346 1186 2411 ejusmodi
1219 2345 1352 2394 locos
1400 2362 1550 2409 paene
1597 2346 1647 2392 in

304 2424 538 2472 omnibus
557 2425 624 2471 eis
641 2424 869 2487 operibus
885 2425 1093 2471 inveniri
1116 2440 1239 2487 quae
1258 2424 1308 2470 in
1330 2442 1352 2468 «
1373 2422 1647 2470 aulicorum

304 2500 537 2548 ludorum
563 2507 573 2532 ³
619 2520 642 2546 »
709 2502 1022 2565 partitionem
1095 2500 1279 2548 cadant.
1345 2499 1471 2548 Illud
1534 2516 1647 2547 vero

360 2630 393 2655 1.
424 2616 621 2666 Maxima,
649 2618 720 2657 ΙΙΙ.

357 2688 393 2715 2.
425 2675 578 2715 Ibidem.

358 2748 393 2786 3.
422 2751 441 2772 «
467 2734 794 2775 &medies-hallas
815 2751 851 2784 »‚
876 2751 894 2772 «
914 2734 1115 2775 Pastorales
1138 2752 1173 2785 »,
1196 2744 1271 2775 etc.

1921 2478 1930 2509 „c-
1916 2348 1930 2461 *na-ss*
1919 2026 1930 2315 n--*..-—-.-.‚——

1891 2930 1930 3294 &affl-2⁹⁴*
1910 2680 1930 2907 svmmvm
1912 2590 1930 2663 oed-
1914 2533 1930 2581 .·-n—
1922 2510 1926 2518 -
