1930 3294
754 269 989 310 -η-

203 367 368 431 potius
397 373 406 391 ¹
439 387 480 413 ».
510 366 600 414 Sed
623 383 907 430 quanquam
934 369 1196 430 opinamur
1224 385 1322 415 non
1355 369 1412 416 de
1433 386 1545 416 nos-

201 445 286 492 tris
311 445 440 491 vitiis
474 445 524 491 in
549 443 712 491 fabula
745 444 835 508 agi,
868 442 1009 507 plane
1050 456 1213 492 nostra
1256 457 1546 509 reputantur

202 520 262 568 ab
304 522 532 568 universo
568 536 823 576 consessu;
875 531 921 568 et
953 537 1066 568 curn
1114 523 1323 570 maxime
1360 522 1406 570 id
1452 522 1545 571 soli

205 613 307 646 non
344 596 691 661 intellegimus,
741 598 789 644 in
838 597 1205 662 nobismetipsis
1234 598 1549 647 vehementer

204 675 449 739 agitantur
489 686 536 722 et
574 673 908 722 incredibilem
942 675 992 722 in
1036 675 1243 723 modum
1292 688 1544 741 augentur.

205 750 278 799 Sit
300 767 415 799 sane
443 752 591 816 igitur
633 767 774 798 scena
807 751 1057 814 quoddam
1085 752 1341 816 speculum
1368 759 1399 809 ²,
1433 770 1549 801 con-

206 827 340 885 ced0,
395 827 477 876 sed
530 844 576 875 re
618 844 727 875 vera
774 827 895 876 illud
933 828 1242 877 Archimedis
1289 830 1547 894 speculum

206 904 393 962 ardens,
427 921 528 968 quo
554 905 795 953 obcaecati
819 922 994 953 sumus
1020 918 1067 954 et
1091 908 1187 954 usti
1220 909 1372 972 magis
1398 924 1547 971 quam

210 981 437 1030 illustrati
468 988 496 1028 ³.

271 1058 504 1106 Periculis
531 1075 644 1107 vero
686 1076 855 1107 scenae
901 1061 1046 1108 etiam
1072 1078 1332 1109 consessus
1359 1061 1551 1110 celebri—

207 1136 417 1199 tatisque
472 1135 743 1199 periculum
782 1137 975 1184 accedit.
1041 1138 1193 1191 Quod
1232 1139 1549 1186 Bossuetium

208 1229 324 1261 sane
349 1229 450 1260 non
493 1212 676 1268 fefellit,
714 1213 811 1269 sed,
861 1215 976 1277 quia
1027 1215 1213 1279 jamdiu
1250 1227 1427 1263 notum
1454 1227 1552 1263 erat

208 1300 354 1353 atque
393 1285 800 1346 demonstratum,
841 1292 1024 1338 omisit.
1061 1292 1189 1346 Quis
1236 1293 1369 1339 enim
1409 1292 1550 1340 illum

209 1366 414 1415 Senecae
451 1367 616 1414 locum
657 1368 860 1431 ignorat,
904 1385 1005 1431 quo
1045 1369 1238 1417 turbam
1267 1386 1369 1417 esse
1403 1371 1554 1416 vitan-

208 1443 320 1492 dam
393 1455 493 1491 tam
568 1445 821 1507 exquisitis
891 1445 1161 1494 rationibus
1220 1446 1554 1494 confirmavit?

214 1521 463 1568 «Inimica
493 1532 563 1568 est
598 1521 873 1569 multorum
912 1524 1230 1570 conversatio.
1267 1524 1427 1571 Nemo
1451 1540 1553 1570 non

211 1596 410 1661 aliquod
434 1597 576 1646 nobis
606 1599 783 1646 vitium
809 1610 892 1646 aut
918 1600 1248 1657 commendat,
1283 1612 1366 1648 aut
1394 1602 1557 1664 impri-

214 1675 319 1730 mit,
340 1686 424 1722 aut
452 1675 782 1723 nescientibus
812 1675 983 1723 allinit.
1013 1678 1211 1740 Utique,
1250 1694 1355 1740 quo
1400 1678 1559 1742 major

210 1762 304 1800 est·
337 1751 552 1816 populus
597 1753 675 1800 cui
727 1754 1013 1809 miscemur,
1052 1754 1144 1801 hoc
1206 1754 1405 1819 periculi
1444 1754 1553 1818 plus

210 1840 296 1876 est.
329 1828 466 1876 Nihil
505 1845 619 1877 vero
661 1841 760 1877 tam
797 1830 1097 1879 damnosum
1134 1831 1278 1879 bonis
1317 1832 1552 1887 moribus,

267 1995 303 2022 1.
336 1999 355 2020 «ι
377 1982 407 2022 11
429 1996 526 2037 gage
547 1996 623 2037 que
646 1982 742 2023 c'est
761 1985 859 2033 moi,
878 1994 918 2024 et
938 1986 1020 2024 moi
1040 1986 1076 2038 je
1095 1999 1192 2039 gage
1222 1998 1298 2040 que
1331 1984 1425 2026 c’est
1444 1985 1514 2025 lui.
1534 2001 1554 2023 >›

210 2042 465 2096 (Impromptu
481 2041 524 2081 de
545 2044 579 2082 V
577 2041 748 2092 ers-ailla,
768 2043 861 2096 IV.)

266 2113 303 2141 2.
336 2100 397 2141 Cf.
415 2118 434 2138 ι(
453 2101 508 2140 Ce
523 2111 614 2141 sont
632 2102 787 2141 miroirs
804 2101 958 2155 publics
971 2103 1023 2142 οὺ
1043 2103 1068 2142 il
1084 2116 1133 2142 ne
1148 2103 1230 2142 faut
1254 2104 1392 2156 jamais
1417 2103 1558 2143 temoi-

210 2173 309 2214 gner
326 2160 449 2214 qu’on
464 2174 504 2200 se
525 2162 622 2200 voit.
647 2177 667 2198 »
688 2161 855 2215 Critique
870 2161 912 2201 de
930 2157 1063 2202 I’Ecole
1080 2162 1138 2202 des
1148 2162 1317 2216 fcmmes.

267 2231 302 2270 3.
337 2235 356 2256 α
378 2220 501 2259 Notre
517 2233 826 2274 amour-propre
846 2230 904 2260 est
924 2222 955 2260 si
983 2221 1140 2270 delicat,
1174 2235 1251 2275 que
1276 2235 1377 2261 nous
1404 2222 1559 2261 aimons

211 2279 234 2318 ὰ
248 2278 335 2329 voir
350 2277 407 2318 les
427 2280 608 2331 portraits
632 2279 679 2318 de
696 2293 769 2319 nos
792 2281 970 2333 passions
990 2281 1092 2319 aussi
1108 2280 1198 2320 bien
1213 2294 1290 2335 que
1309 2294 1408 2320 ceux
1422 2281 1469 2320 de
1486 2295 1559 2319 nos

213 2350 444 2391 personnes.
463 2338 493 2377 11
514 2348 571 2378 est
585 2340 715 2378 meme
735 2339 767 2378 si
788 2339 1173 2393 incomprehensible
1196 2339 1292 2394 qu’il
1314 2339 1380 2379 fait
1401 2353 1471 2393 par
1506 2353 1558 2378 un

212 2396 370 2450 etrange
396 2407 690 2437 renversement
721 2411 798 2452 que
820 2411 885 2438 ces
913 2399 1096 2452 portraits
1119 2399 1357 2438 deviennent
1390 2408 1559 2438 souvent

215 2469 288 2496 nos
310 2455 503 2503 modeles,
526 2466 565 2496 et
596 2470 671 2511 que
691 2457 735 2496 la
761 2457 957 2507 comedie‚
988 2471 1037 2497 en
1073 2458 1260 2511 peignant
1284 2458 1341 2497 les
1382 2458 1560 2511 passions

215 2513 397 2563 d’autrui,
428 2515 561 2555 emeut
586 2526 698 2556 notre
730 2518 816 2556 ame
846 2517 964 2556 d’une
992 2516 1083 2556 telle
1116 2518 1287 2556 maniere
1321 2516 1462 2571 qu'elle
1493 2516 1560 2556 fait

215 2575 339 2614 naitre
358 2573 414 2614 les
447 2577 593 2625 notres,
616 2575 759 2629 qu'elle'
789 2575 844 2614 les
874 2577 1026 2615 nourrit
1051 2577 1182 2630 quand
1211 2575 1306 2615 elles
1330 2585 1419 2615 sont
1449 2576 1557 2623 nees,

215 2633 361 2688 qu’elle
381 2633 437 2673 les
458 2634 571 2687 polit,
592 2634 734 2688 qu'elle
758 2635 813 2674 les
835 2635 1079 2675 e'chauffe....
1093 2666 1102 2675 .
1133 2652 1152 2672 >2
1173 2636 1307 2684 Conti,
1326 2634 1449 2674 Traite'
1465 2634 1507 2674 de
1525 2634 1559 2673 la

218 2691 386 2732 Come'die
397 2697 431 2732 et
446 2692 504 2733 des
516 2693 714 2747 spectacles.

1440 2778 1454 2796 2
