1930 3294
424 376 473 415 Ils
493 377 662 429 agissent
683 390 731 414 en
758 375 860 415 nous
881 377 1011 430 quand
1032 391 1132 416 nous
1154 391 1327 430 pensons
1347 379 1450 432 agir3

422 441 537 480 Alors
562 442 685 495 qu'on
704 441 875 480 delibere
899 455 951 481 on
978 455 1027 481 ne
1047 442 1118 481 fait
1141 442 1342 496 qu’obeir3

425 508 471 546 Et
493 515 606 546 notre
629 506 791 546 volonte
817 506 975 555 n'aime‚
999 507 1095 556 hait,
1125 508 1309 556 cherche,
1333 509 1449 557 evite,

425 573 518 618 Que
542 572 697 612 suivant
714 586 791 626 que
813 572 902 611 d’en
923 572 1015 612 haut
1036 572 1120 612 leur
1140 573 1226 612 bras
1240 573 1275 612 la
1293 574 1503 627 precipite!
1556 600 1560 604 f

1238 657 1407 704 (OEdipe.)

384 751 525 805 Quae
568 744 767 814 quidem
813 768 913 798 non
954 768 1007 798 ea
1044 763 1173 808 sunt,
1219 764 1272 799 ut
1314 756 1505 816 opinor,
1543 770 1666 818 quae

317 828 670 876 dissertationis
708 848 731 873 <c
762 828 814 876 de
839 829 997 876 Libero
1029 829 1235 877 Arbitrio
1276 849 1298 874 »
1330 831 1548 894 scriptori
1576 831 1668 889 dis-

317 905 530 970 pliceant
556 913 584 953 ¹.
1439 958 1441 960 .

382 984 569 1032 Rursus
599 999 728 1036 vero,
761 1000 875 1031 cum
906 996 1028 1031 recte
1056 985 1242 1032 faciunt
1266 996 1313 1032 et
1351 998 1453 1032 ‘rem
1483 1001 1668 1032 memo-

319 1060 519 1108 rabilem
547 1071 746 1124 gerunt,
771 1078 1029 1124 nunquam
1052 1061 1197 1109 alieni
1221 1063 1497 1110 momentis.
1515 1050 1667 1110 animi
1726 1090 1731 1130 ι·

319 1137 656 1202 impelluntur.
679 1139 805 1186 Nam
828 1140 1049 1186 sentiunt
1064 1156 1112 1186 se
1129 1139 1218 1186 sibi
1237 1155 1484 1202 quemque
1498 1155 1667 1187 verum
1687 1127 1690 1130 ¹

320 1215 467 1279 probe
515 1216 625 1263 facti
678 1232 780 1263 esse
829 1228 1102 1272 auctorem,
1143 1227 1190 1268 et
1243 1216 1667 1280 quemadmodum

319 1294 555 1348 sentiunt,
586 1294 649 1340 ita
677 1293 797 1340 clare
823 1295 1146 1357 pronuntiant
1169 1311 1176 1341 :

504 1409 549 1456 Je
573 1407 652 1446 suis
681 1408 816 1446 maitre
842 1406 891 1446 de
914 1408 997 1446 moi
1022 1420 1179 1446 comme
1211 1400 1259 1447 de
1280 1407 1479 1447 l’u'nivers.

505 1474 548 1522 Je
575 1471 610 1511 le
632 1472 726 1520 suis,
749 1473 785 1525 je
808 1485 909 1511 veux
929 1472 1051 1512 l'etre.

886 1551 1030 1596 (Cinna,
1049 1562 1082 1585 v.
1104 1562 1153 1593 v.,
1178 1549 1408 1598 1696-1697.)

384 1645 449 1691 At
487 1645 621 1692 enim
659 1661 760 1692 non
805 1661 860 1692 ex
890 1645 1143 1692 voluntate
1182 1662 1264 1708 per
1302 1661 1351 1692 se
1383 1646 1486 1708 ipsa
1513 1640 1669 1692 virtus

319 1733 529 1778 constat;
555 1733 601 1769 et
629 1721 751 1769 illud
779 1722 1129 1770 tantummodo
1160 1722 1217 1770 ad
1250 1734 1372 1770 recte
1400 1721 1667 1769 vivendum

319 1800 540 1863 pertinet,
603 1799 731 1846 bona
782 1799 1038 1847 voluntate
1091 1800 1200 1847 frui.
1251 1799 1492 1863 Equidem
1536 1798 1667 1846 haud

320 1876 541 1940 refragor.
578 1876 839 1924 Cornelius
876 1894 1004 1933 vero,
1040 1893 1153 1924 cum
1181 1877 1485 1924 facinorosos
1512 1876 1670 1924 homi-

321 1970 407 2001 nes
433 1953 622 2001 inducit
652 1954 702 2000 in
742 1971 953 2011 scenam,
1001 1965 1100 2001 tam
1141 1956 1254 2002 atris
1301 1954 1548 2002 coloribus
1585 1970 1669 2001 eos

319 2031 540 2095 depingit
556 2043 610 2078 ut
629 2048 788 2096 neque
805 2048 977 2079 eorum
995 2048 1086 2079 nos
1103 2033 1323 2095 nequitia
1337 2032 1492 2095 fugiat
1509 2047 1668 2094 neque

320 2108 506 2169 alienos
552 2108 609 2156 ab
662 2110 729 2156 eis
780 2110 976 2156 animos
1028 2126 1128 2156 non
1179 2108 1353 2157 habere
1402 2109 1682 2172 possimus*

319 2187 487 2249 Itaque
532 2186 660 2250 apud
687 2186 908 2234 Medeam
948 2186 1104 2249 (verbi
1133 2188 1307 2250 gratia)
1341 2185 1422 2239 ¹vel
1470 2185 1670 2249 Cleopa-

320 2274 442 2311 tram
465 2263 746 2311 incredibile
778 2265 931 2310 animi
963 2263 1110 2311 robur
1139 2278 1252 2311 cum
1279 2264 1528 2318 miremur,
1554 2263 1669 2310 istas

377 2424 411 2451 1.
445 2412 673 2451 Bossuetius
714 2425 806 2450 sane
854 2412 893 2450 in
927 2412 1004 2451 hoc
1042 2411 1142 2451 libro
1188 2411 1329 2450 mundi
1378 2411 1670 2465 voluntatisque

322 2472 519 2510 humanae
536 2485 556 2510 a
584 2473 669 2511 Deo
695 2471 1078 2510 administrationem
1104 2471 1330 2510 firmissime
1355 2480 1563 2518 asseverat,
1589 2470 1668 2521 *sed
1730 2471 1732 2473 ’

321 2540 452 2570 tamen
468 2531 683 2569 humanam
706 2530 925 2570 libertatem
938 2531 1185 2570 manifestam
1198 2529 1288 2569 facit
1306 2545 1314 2569 ε
1331 2547 1348 2566 «
1364 2531 1476 2569 Nous
1496 2542 1670 2569 sommes

323 2590 440 2629 libres
460 2591 481 2629 a
504 2604 606 2629 nous
639 2590 876 2629 determines
905 2589 998 2629 d’un
1021 2591 1108 2629 cote
1145 2589 1274 2642 plutot
1309 2603 1385 2643 que
1418 2589 1512 2628 d'un
1534 2599 1668 2638 autre3

324 2659 411 2689 et...
433 2650 463 2688 si
486 2663 587 2689 nous
610 2663 783 2703 prenons
819 2663 871 2688 un
910 2650 1085 2689 mauvais
1108 2650 1223 2703 parti,
1251 2663 1352 2688 nous
1390 2648 1541 2688 devons
1569 2661 1670 2687 nous

323 2708 523 2762 l’imputer
548 2710 569 2747 a
592 2710 867 2749 nous-memes
885 2725 922 2747 ».
