<?xml version="1.0" encoding="UTF-8"?>
<!DOCTYPE html PUBLIC "-//W3C//DTD XHTML 1.0 Transitional//EN"
    "http://www.w3.org/TR/xhtml1/DTD/xhtml1-transitional.dtd">
<html xmlns="http://www.w3.org/1999/xhtml" xml:lang="en" lang="en">
 <head>
  <title>
</title>
<meta http-equiv="Content-Type" content="text/html;charset=utf-8" />
  <meta name='ocr-system' content='tesseract 3.04.00' />
  <meta name='ocr-capabilities' content='ocr_page ocr_carea ocr_par ocr_line ocrx_word'/>
</head>
<body>
  <div class='ocr_page' id='page_1' title='image "./decomoediaetdeno00lebiuoft_0092.png"; bbox 0 0 1930 3294; ppageno 0'>
   <div class='ocr_carea' id='block_1_1' title="bbox 921 308 1150 351">
    <p class='ocr_par' dir='ltr' id='par_1_1' title="bbox 921 308 1150 351">
     <span class='ocr_line' id='line_1_1' title="bbox 921 308 1150 351; baseline 0.004 -14"><span class='ocrx_word' id='word_1_1' title='bbox 921 308 1150 351; x_wconf 82' lang='lat'><strong>—8&#39;2-</strong></span> 
     </span>
    </p>
   </div>
   <div class='ocr_carea' id='block_1_2' title="bbox 350 417 1709 1177">
    <p class='ocr_par' dir='ltr' id='par_1_2' title="bbox 350 417 1709 1177">
     <span class='ocr_line' id='line_1_2' title="bbox 355 417 1706 482; baseline 0.002 -18"><span class='ocrx_word' id='word_1_2' title='bbox 355 417 554 480; x_wconf 86' lang='lat' dir='ltr'>plinam.</span> <span class='ocrx_word' id='word_1_3' title='bbox 598 419 792 465; x_wconf 83' lang='lat' dir='ltr'><strong>Etenim</strong></span> <span class='ocrx_word' id='word_1_4' title='bbox 838 418 1055 478; x_wconf 89' lang='lat' dir='ltr'>Jansenii</span> <span class='ocrx_word' id='word_1_5' title='bbox 1112 418 1326 466; x_wconf 83' lang='lat' dir='ltr'>fautores</span> <span class='ocrx_word' id='word_1_6' title='bbox 1382 418 1706 482; x_wconf 91' lang='lat' dir='ltr'>pristinorum</span> 
     </span>
     <span class='ocr_line' id='line_1_3' title="bbox 351 482 1706 559; baseline 0.001 -17"><span class='ocrx_word' id='word_1_7' title='bbox 351 495 551 542; x_wconf 90' lang='lat' dir='ltr'>Patrum</span> <span class='ocrx_word' id='word_1_8' title='bbox 603 495 870 543; x_wconf 89' lang='lat' dir='ltr'>severitatis</span> <span class='ocrx_word' id='word_1_9' title='bbox 916 494 1338 559; x_wconf 84' lang='lat' dir='ltr'>repraesentabant</span> <span class='ocrx_word' id='word_1_10' title='bbox 1363 482 1367 487; x_wconf 49' lang='grc'><strong>’</strong></span> <span class='ocrx_word' id='word_1_11' title='bbox 1397 496 1706 544; x_wconf 89' lang='lat' dir='ltr'>memoriam.</span> 
     </span>
     <span class='ocr_line' id='line_1_4' title="bbox 350 571 1706 621; baseline 0.001 -2"><span class='ocrx_word' id='word_1_12' title='bbox 350 571 478 619; x_wconf 93' lang='lat' dir='ltr'>Illud</span> <span class='ocrx_word' id='word_1_13' title='bbox 503 588 618 620; x_wconf 88' lang='lat' dir='ltr'>vero</span> <span class='ocrx_word' id='word_1_14' title='bbox 642 572 700 620; x_wconf 92' lang='lat' dir='ltr'>ad</span> <span class='ocrx_word' id='word_1_15' title='bbox 723 588 896 620; x_wconf 92' lang='lat' dir='ltr'>eorum</span> <span class='ocrx_word' id='word_1_16' title='bbox 920 571 1274 620; x_wconf 85' lang='lat' dir='ltr'>auxiliatorum</span> <span class='ocrx_word' id='word_1_17' title='bbox 1299 571 1706 621; x_wconf 86' lang='lat' dir='ltr'>commoditatem</span> 
     </span>
     <span class='ocr_line' id='line_1_5' title="bbox 353 649 1707 713; baseline 0.001 -17"><span class='ocrx_word' id='word_1_18' title='bbox 353 649 619 706; x_wconf 86' lang='lat' dir='ltr'>accedebat,</span> <span class='ocrx_word' id='word_1_19' title='bbox 681 649 815 713; x_wconf 92' lang='lat' dir='ltr'>quod</span> <span class='ocrx_word' id='word_1_20' title='bbox 881 666 982 697; x_wconf 92' lang='lat' dir='ltr'>non</span> <span class='ocrx_word' id='word_1_21' title='bbox 1042 650 1092 696; x_wconf 90' lang='lat' dir='ltr'>in</span> <span class='ocrx_word' id='word_1_22' title='bbox 1145 649 1500 698; x_wconf 90' lang='lat' dir='ltr'>communibus</span> <span class='ocrx_word' id='word_1_23' title='bbox 1545 665 1707 698; x_wconf 91' lang='lat' dir='ltr'>rerum</span> 
     </span>
     <span class='ocr_line' id='line_1_6' title="bbox 354 726 1707 792; baseline 0.001 -18"><span class='ocrx_word' id='word_1_24' title='bbox 354 727 565 774; x_wconf 88' lang='lat' dir='ltr'>summis</span> <span class='ocrx_word' id='word_1_25' title='bbox 593 737 836 783; x_wconf 87' lang='lat' dir='ltr'>steterant,</span> <span class='ocrx_word' id='word_1_26' title='bbox 868 726 950 774; x_wconf 85' lang='lat' dir='ltr'>sed</span> <span class='ocrx_word' id='word_1_27' title='bbox 980 726 1027 774; x_wconf 90' lang='lat' dir='ltr'>id</span> <span class='ocrx_word' id='word_1_28' title='bbox 1056 726 1190 790; x_wconf 92' lang='lat' dir='ltr'>quod</span> <span class='ocrx_word' id='word_1_29' title='bbox 1222 726 1387 774; x_wconf 91' lang='lat' dir='ltr'>cadere</span> <span class='ocrx_word' id='word_1_30' title='bbox 1426 727 1474 774; x_wconf 91' lang='lat' dir='ltr'>in</span> <span class='ocrx_word' id='word_1_31' title='bbox 1509 738 1707 792; x_wconf 90' lang='lat' dir='ltr'>tempus</span> 
     </span>
     <span class='ocr_line' id='line_1_7' title="bbox 353 803 1702 868; baseline 0.001 -18"><span class='ocrx_word' id='word_1_32' title='bbox 353 804 707 867; x_wconf 86' lang='lat' dir='ltr'>scriptoresque</span> <span class='ocrx_word' id='word_1_33' title='bbox 727 805 867 851; x_wconf 85' lang='lat' dir='ltr'>vivos</span> <span class='ocrx_word' id='word_1_34' title='bbox 881 803 1148 861; x_wconf 86' lang='lat' dir='ltr'>videbatur,</span> <span class='ocrx_word' id='word_1_35' title='bbox 1172 803 1550 868; x_wconf 88' lang='lat' dir='ltr'>diligentissime</span> <span class='ocrx_word' id='word_1_36' title='bbox 1565 815 1702 852; x_wconf 89' lang='lat' dir='ltr'>erant</span> 
     </span>
     <span class='ocr_line' id='line_1_8' title="bbox 354 880 1707 946; baseline 0 -18"><span class='ocrx_word' id='word_1_37' title='bbox 354 882 579 929; x_wconf 90' lang='lat' dir='ltr'>exsecuti.</span> <span class='ocrx_word' id='word_1_38' title='bbox 620 882 821 929; x_wconf 89' lang='lat' dir='ltr'>Etiamsi</span> <span class='ocrx_word' id='word_1_39' title='bbox 867 882 1016 945; x_wconf 89' lang='lat' dir='ltr'>igitur</span> <span class='ocrx_word' id='word_1_40' title='bbox 1060 880 1221 928; x_wconf 93' lang='lat' dir='ltr'>multo</span> <span class='ocrx_word' id='word_1_41' title='bbox 1261 882 1409 929; x_wconf 91' lang='lat' dir='ltr'>etiam</span> <span class='ocrx_word' id='word_1_42' title='bbox 1455 882 1610 946; x_wconf 89' lang='lat' dir='ltr'>magis</span> <span class='ocrx_word' id='word_1_43' title='bbox 1647 881 1707 935; x_wconf 93' lang='lat' dir='ltr'>ab</span> 
     </span>
     <span class='ocr_line' id='line_1_9' title="bbox 354 957 1706 1022; baseline 0.001 -17"><span class='ocrx_word' id='word_1_44' title='bbox 354 974 527 1005; x_wconf 91' lang='lat' dir='ltr'>eorum</span> <span class='ocrx_word' id='word_1_45' title='bbox 552 959 720 1006; x_wconf 90' lang='lat' dir='ltr'>animo</span> <span class='ocrx_word' id='word_1_46' title='bbox 748 975 800 1005; x_wconf 90' lang='lat' dir='ltr'>ac</span> <span class='ocrx_word' id='word_1_47' title='bbox 826 957 1082 1006; x_wconf 88' lang='lat' dir='ltr'>voluntate</span> <span class='ocrx_word' id='word_1_48' title='bbox 1110 959 1160 1005; x_wconf 91' lang='lat' dir='ltr'>in</span> <span class='ocrx_word' id='word_1_49' title='bbox 1189 957 1390 1022; x_wconf 91' lang='lat' dir='ltr'>reliquis</span> <span class='ocrx_word' id='word_1_50' title='bbox 1415 959 1706 1007; x_wconf 89' lang='lat' dir='ltr'>Bossuetius</span> 
     </span>
     <span class='ocr_line' id='line_1_10' title="bbox 353 1034 1708 1099; baseline 0.001 -16"><span class='ocrx_word' id='word_1_51' title='bbox 353 1034 647 1092; x_wconf 91' lang='lat' dir='ltr'>dissedisset,</span> <span class='ocrx_word' id='word_1_52' title='bbox 685 1052 879 1083; x_wconf 89' lang='lat' dir='ltr'>necesse</span> <span class='ocrx_word' id='word_1_53' title='bbox 916 1046 1134 1099; x_wconf 88' lang='lat' dir='ltr'>putasset</span> <span class='ocrx_word' id='word_1_54' title='bbox 1165 1037 1215 1083; x_wconf 93' lang='lat' dir='ltr'>in</span> <span class='ocrx_word' id='word_1_55' title='bbox 1257 1035 1341 1083; x_wconf 88' lang='lat' dir='ltr'>illa</span> <span class='ocrx_word' id='word_1_56' title='bbox 1380 1035 1582 1099; x_wconf 89' lang='lat' dir='ltr'>quidem</span> <span class='ocrx_word' id='word_1_57' title='bbox 1623 1052 1708 1084; x_wconf 89' lang='lat' dir='ltr'>eos</span> 
     </span>
     <span class='ocr_line' id='line_1_11' title="bbox 353 1112 1709 1177; baseline 0.001 -17"><span class='ocrx_word' id='word_1_58' title='bbox 353 1114 491 1176; x_wconf 91' lang='lat' dir='ltr'>sequi</span> <span class='ocrx_word' id='word_1_59' title='bbox 538 1129 679 1160; x_wconf 90' lang='lat' dir='ltr'>arena</span> <span class='ocrx_word' id='word_1_60' title='bbox 734 1129 794 1161; x_wconf 92' lang='lat' dir='ltr'>ne</span> <span class='ocrx_word' id='word_1_61' title='bbox 860 1112 1125 1161; x_wconf 91' lang='lat' dir='ltr'>utilitatem</span> <span class='ocrx_word' id='word_1_62' title='bbox 1174 1112 1423 1177; x_wconf 88' lang='lat' dir='ltr'>publicam</span> <span class='ocrx_word' id='word_1_63' title='bbox 1485 1112 1709 1177; x_wconf 92' lang='lat' dir='ltr'>proderet</span> 
     </span>
    </p>
   </div>
   <div class='ocr_carea' id='block_1_3' title="bbox 356 1189 1778 1254">
    <p class='ocr_par' dir='ltr' id='par_1_3' title="bbox 356 1189 1778 1254">
     <span class='ocr_line' id='line_1_12' title="bbox 356 1189 1778 1254; baseline 0.001 -17"><span class='ocrx_word' id='word_1_64' title='bbox 356 1206 644 1254; x_wconf 90' lang='lat' dir='ltr'>moremque</span> <span class='ocrx_word' id='word_1_65' title='bbox 675 1190 923 1238; x_wconf 88' lang='lat' dir='ltr'>dirimeret</span> <span class='ocrx_word' id='word_1_66' title='bbox 955 1207 979 1237; x_wconf 92' lang='lat' dir='ltr'>a</span> <span class='ocrx_word' id='word_1_67' title='bbox 1008 1190 1253 1254; x_wconf 90' lang='lat' dir='ltr'>prioribus</span> <span class='ocrx_word' id='word_1_68' title='bbox 1283 1189 1532 1238; x_wconf 90' lang='lat' dir='ltr'>traditum.</span> <span class='ocrx_word' id='word_1_69' title='bbox 1566 1190 1707 1245; x_wconf 82' lang='lat' dir='ltr'>Quae</span> <span class='ocrx_word' id='word_1_70' title='bbox 1775 1222 1778 1224; x_wconf 34' lang='lat' dir='ltr'>v</span> 
     </span>
    </p>
   </div>
   <div class='ocr_carea' id='block_1_4' title="bbox 349 1266 1708 2414">
    <p class='ocr_par' dir='ltr' id='par_1_4' title="bbox 354 1266 1708 1410">
     <span class='ocr_line' id='line_1_13' title="bbox 354 1266 1708 1331; baseline 0.001 -17"><span class='ocrx_word' id='word_1_71' title='bbox 354 1267 460 1323; x_wconf 90' lang='lat' dir='ltr'>fuit,</span> <span class='ocrx_word' id='word_1_72' title='bbox 503 1279 556 1315; x_wconf 90' lang='lat' dir='ltr'>ut</span> <span class='ocrx_word' id='word_1_73' title='bbox 589 1268 780 1331; x_wconf 90' lang='lat' dir='ltr'>opinor,</span> <span class='ocrx_word' id='word_1_74' title='bbox 822 1268 1069 1315; x_wconf 90' lang='lat' dir='ltr'>Bossuetii</span> <span class='ocrx_word' id='word_1_75' title='bbox 1122 1268 1378 1323; x_wconf 91' lang='lat' dir='ltr'>sententia,</span> <span class='ocrx_word' id='word_1_76' title='bbox 1424 1283 1538 1316; x_wconf 91' lang='lat' dir='ltr'>cum</span> <span class='ocrx_word' id='word_1_77' title='bbox 1581 1266 1708 1316; x_wconf 91' lang='lat' dir='ltr'>hanc</span> 
     </span>
     <span class='ocr_line' id='line_1_14' title="bbox 354 1345 834 1410; baseline 0 -19"><span class='ocrx_word' id='word_1_78' title='bbox 354 1345 635 1392; x_wconf 91' lang='lat' dir='ltr'>societatem</span> <span class='ocrx_word' id='word_1_79' title='bbox 661 1346 834 1410; x_wconf 72' lang='lat' dir='ltr'>iunxit.</span> 
     </span>
    </p>

    <p class='ocr_par' dir='ltr' id='par_1_5' title="bbox 349 1421 1708 2414">
     <span class='ocr_line' id='line_1_15' title="bbox 417 1421 1698 1486; baseline 0.001 -17"><span class='ocrx_word' id='word_1_80' title='bbox 417 1421 496 1478; x_wconf 92' lang='lat' dir='ltr'>At,</span> <span class='ocrx_word' id='word_1_81' title='bbox 526 1438 650 1485; x_wconf 88' lang='lat' dir='ltr'>quae</span> <span class='ocrx_word' id='word_1_82' title='bbox 679 1423 834 1486; x_wconf 90' lang='lat' dir='ltr'>ipsius</span> <span class='ocrx_word' id='word_1_83' title='bbox 860 1422 955 1469; x_wconf 88' lang='lat' dir='ltr'>fuit</span> <span class='ocrx_word' id='word_1_84' title='bbox 991 1422 1039 1469; x_wconf 92' lang='lat' dir='ltr'>in</span> <span class='ocrx_word' id='word_1_85' title='bbox 1079 1421 1396 1470; x_wconf 86' lang='lat' dir='ltr'>dimicatione</span> <span class='ocrx_word' id='word_1_86' title='bbox 1427 1423 1698 1478; x_wconf 91' lang='lat' dir='ltr'>contentio,</span> 
     </span>
     <span class='ocr_line' id='line_1_16' title="bbox 354 1498 1705 1564; baseline 0.001 -18"><span class='ocrx_word' id='word_1_87' title='bbox 354 1515 455 1546; x_wconf 89' lang='lat' dir='ltr'>non</span> <span class='ocrx_word' id='word_1_88' title='bbox 494 1498 733 1547; x_wconf 86' lang='lat' dir='ltr'>intellexit</span> <span class='ocrx_word' id='word_1_89' title='bbox 772 1516 823 1547; x_wconf 92' lang='lat' dir='ltr'>se</span> <span class='ocrx_word' id='word_1_90' title='bbox 862 1498 919 1546; x_wconf 91' lang='lat' dir='ltr'>ad</span> <span class='ocrx_word' id='word_1_91' title='bbox 950 1499 1319 1547; x_wconf 89' lang='lat' dir='ltr'>commilitones</span> <span class='ocrx_word' id='word_1_92' title='bbox 1347 1511 1705 1564; x_wconf 87' lang='lat' dir='ltr'>transgressum</span> 
     </span>
     <span class='ocr_line' id='line_1_17' title="bbox 355 1576 1707 1641; baseline 0 -17"><span class='ocrx_word' id='word_1_93' title='bbox 355 1593 457 1624; x_wconf 89' lang='lat' dir='ltr'>esse</span> <span class='ocrx_word' id='word_1_94' title='bbox 482 1592 596 1624; x_wconf 90' lang='lat' dir='ltr'>sane</span> <span class='ocrx_word' id='word_1_95' title='bbox 623 1578 842 1641; x_wconf 91' lang='lat' dir='ltr'>optimos</span> <span class='ocrx_word' id='word_1_96' title='bbox 882 1588 928 1624; x_wconf 92' lang='lat' dir='ltr'>et</span> <span class='ocrx_word' id='word_1_97' title='bbox 966 1578 1177 1624; x_wconf 85' lang='lat' dir='ltr'>maxime</span> <span class='ocrx_word' id='word_1_98' title='bbox 1216 1577 1486 1633; x_wconf 88' lang='lat' dir='ltr'>animosos,</span> <span class='ocrx_word' id='word_1_99' title='bbox 1530 1576 1612 1624; x_wconf 90' lang='lat' dir='ltr'>sed</span> <span class='ocrx_word' id='word_1_100' title='bbox 1652 1593 1707 1624; x_wconf 91' lang='lat' dir='ltr'>ea</span> 
     </span>
     <span class='ocr_line' id='line_1_18' title="bbox 354 1653 1707 1718; baseline 0 -17"><span class='ocrx_word' id='word_1_101' title='bbox 354 1653 555 1717; x_wconf 91' lang='lat' dir='ltr'>quidem</span> <span class='ocrx_word' id='word_1_102' title='bbox 590 1653 829 1702; x_wconf 88' lang='lat' dir='ltr'>alacritate</span> <span class='ocrx_word' id='word_1_103' title='bbox 867 1653 1126 1718; x_wconf 88' lang='lat' dir='ltr'>flagrantes</span> <span class='ocrx_word' id='word_1_104' title='bbox 1154 1670 1277 1717; x_wconf 91' lang='lat' dir='ltr'>quae</span> <span class='ocrx_word' id='word_1_105' title='bbox 1311 1653 1579 1718; x_wconf 89' lang='lat' dir='ltr'>quamdam</span> <span class='ocrx_word' id='word_1_106' title='bbox 1614 1653 1707 1701; x_wconf 89' lang='lat' dir='ltr'>for·</span> 
     </span>
     <span class='ocr_line' id='line_1_19' title="bbox 354 1730 1707 1779; baseline 0 -1"><span class='ocrx_word' id='word_1_107' title='bbox 354 1741 478 1779; x_wconf 86' lang='lat' dir='ltr'>tasse</span> <span class='ocrx_word' id='word_1_108' title='bbox 512 1731 903 1779; x_wconf 86' lang='lat' dir='ltr'>moderationem</span> <span class='ocrx_word' id='word_1_109' title='bbox 940 1731 1245 1779; x_wconf 89' lang='lat' dir='ltr'>desideraret.</span> <span class='ocrx_word' id='word_1_110' title='bbox 1286 1730 1414 1779; x_wconf 88' lang='lat' dir='ltr'>Illud</span> <span class='ocrx_word' id='word_1_111' title='bbox 1452 1731 1599 1778; x_wconf 88' lang='lat' dir='ltr'>etiam</span> <span class='ocrx_word' id='word_1_112' title='bbox 1634 1741 1707 1779; x_wconf 91' lang='lat' dir='ltr'>est</span> 
     </span>
     <span class='ocr_line' id='line_1_20' title="bbox 352 1807 1706 1865; baseline 0 -9"><span class='ocrx_word' id='word_1_113' title='bbox 352 1808 551 1865; x_wconf 90' lang='lat' dir='ltr'>oblitus,</span> <span class='ocrx_word' id='word_1_114' title='bbox 575 1825 676 1856; x_wconf 92' lang='lat' dir='ltr'>sese</span> <span class='ocrx_word' id='word_1_115' title='bbox 708 1825 792 1856; x_wconf 90' lang='lat' dir='ltr'>eos</span> <span class='ocrx_word' id='word_1_116' title='bbox 823 1808 947 1856; x_wconf 94' lang='lat' dir='ltr'>olim</span> <span class='ocrx_word' id='word_1_117' title='bbox 976 1809 1243 1856; x_wconf 87' lang='lat' dir='ltr'>severitatis</span> <span class='ocrx_word' id='word_1_118' title='bbox 1273 1809 1447 1856; x_wconf 90' lang='lat' dir='ltr'>merito</span> <span class='ocrx_word' id='word_1_119' title='bbox 1475 1807 1706 1856; x_wconf 88' lang='lat' dir='ltr'>condem-</span> 
     </span>
     <span class='ocr_line' id='line_1_21' title="bbox 355 1885 1708 1950; baseline -0.001 -16"><span class='ocrx_word' id='word_1_120' title='bbox 355 1902 508 1942; x_wconf 87' lang='lat' dir='ltr'>nasse,</span> <span class='ocrx_word' id='word_1_121' title='bbox 531 1902 643 1934; x_wconf 91' lang='lat' dir='ltr'>cum</span> <span class='ocrx_word' id='word_1_122' title='bbox 665 1902 748 1934; x_wconf 92' lang='lat' dir='ltr'>eos</span> <span class='ocrx_word' id='word_1_123' title='bbox 765 1885 1155 1950; x_wconf 88' lang='lat' dir='ltr'>reprehendisset</span> <span class='ocrx_word' id='word_1_124' title='bbox 1177 1905 1199 1931; x_wconf 91' lang='lat'>«</span> <span class='ocrx_word' id='word_1_125' title='bbox 1218 1886 1304 1950; x_wconf 92' lang='lat' dir='ltr'>qui</span> <span class='ocrx_word' id='word_1_126' title='bbox 1321 1886 1490 1933; x_wconf 89' lang='lat' dir='ltr'>omnia</span> <span class='ocrx_word' id='word_1_127' title='bbox 1514 1901 1708 1949; x_wconf 90' lang='lat' dir='ltr'>semper</span> 
     </span>
     <span class='ocr_line' id='line_1_22' title="bbox 353 1961 1706 2028; baseline 0.001 -19"><span class='ocrx_word' id='word_1_128' title='bbox 353 1963 403 2010; x_wconf 90' lang='lat' dir='ltr'>in</span> <span class='ocrx_word' id='word_1_129' title='bbox 419 1963 632 2011; x_wconf 89' lang='lat' dir='ltr'>deterius</span> <span class='ocrx_word' id='word_1_130' title='bbox 647 1974 880 2027; x_wconf 87' lang='lat' dir='ltr'>augerent</span> <span class='ocrx_word' id='word_1_131' title='bbox 910 1970 919 1987; x_wconf 88' lang='lat'>¹</span> <span class='ocrx_word' id='word_1_132' title='bbox 947 1982 988 2010; x_wconf 81' lang='lat'>».</span> <span class='ocrx_word' id='word_1_133' title='bbox 1011 1963 1128 2011; x_wconf 91' lang='lat' dir='ltr'>Post</span> <span class='ocrx_word' id='word_1_134' title='bbox 1150 1964 1298 2028; x_wconf 88' lang='lat' dir='ltr'>igitur</span> <span class='ocrx_word' id='word_1_135' title='bbox 1317 1978 1416 2019; x_wconf 90' lang='lat' dir='ltr'>eos,</span> <span class='ocrx_word' id='word_1_136' title='bbox 1438 1961 1515 2010; x_wconf 87' lang='lat' dir='ltr'>vel</span> <span class='ocrx_word' id='word_1_137' title='bbox 1540 1963 1706 2026; x_wconf 92' lang='lat' dir='ltr'>potius</span> 
     </span>
     <span class='ocr_line' id='line_1_23' title="bbox 353 2040 1705 2104; baseline 0 -17"><span class='ocrx_word' id='word_1_138' title='bbox 353 2041 478 2087; x_wconf 89' lang='lat' dir='ltr'>sicut</span> <span class='ocrx_word' id='word_1_139' title='bbox 511 2051 558 2088; x_wconf 90' lang='lat' dir='ltr'>et</span> <span class='ocrx_word' id='word_1_140' title='bbox 594 2041 699 2104; x_wconf 89' lang='lat' dir='ltr'>ipsi,</span> <span class='ocrx_word' id='word_1_141' title='bbox 750 2051 1007 2104; x_wconf 90' lang='lat' dir='ltr'>poetarum</span> <span class='ocrx_word' id='word_1_142' title='bbox 1042 2040 1120 2088; x_wconf 85' lang='lat' dir='ltr'>vel</span> <span class='ocrx_word' id='word_1_143' title='bbox 1170 2041 1377 2088; x_wconf 88' lang='lat' dir='ltr'>minima</span> <span class='ocrx_word' id='word_1_144' title='bbox 1429 2049 1620 2104; x_wconf 87' lang='lat' dir='ltr'>peccata</span> <span class='ocrx_word' id='word_1_145' title='bbox 1656 2040 1705 2087; x_wconf 84' lang='lat' dir='ltr'>in</span> 
     </span>
     <span class='ocr_line' id='line_1_24' title="bbox 349 2116 1701 2183; baseline 0 -19"><span class='ocrx_word' id='word_1_146' title='bbox 349 2117 534 2165; x_wconf 80' lang='lat' dir='ltr'>deterius</span> <span class='ocrx_word' id='word_1_147' title='bbox 583 2119 725 2174; x_wconf 83' lang='lat' dir='ltr'>auxit,</span> <span class='ocrx_word' id='word_1_148' title='bbox 788 2118 1022 2181; x_wconf 91' lang='lat' dir='ltr'>quodque</span> <span class='ocrx_word' id='word_1_149' title='bbox 1074 2118 1272 2183; x_wconf 89' lang='lat' dir='ltr'>majoris</span> <span class='ocrx_word' id='word_1_150' title='bbox 1322 2116 1524 2180; x_wconf 91' lang='lat' dir='ltr'>periculi</span> <span class='ocrx_word' id='word_1_151' title='bbox 1589 2127 1701 2173; x_wconf 90' lang='lat' dir='ltr'>erat,</span> 
     </span>
     <span class='ocr_line' id='line_1_25' title="bbox 351 2193 1702 2259; baseline -0.001 -17"><span class='ocrx_word' id='word_1_152' title='bbox 351 2195 485 2242; x_wconf 91' lang='lat' dir='ltr'>visus</span> <span class='ocrx_word' id='word_1_153' title='bbox 507 2206 578 2242; x_wconf 90' lang='lat' dir='ltr'>est</span> <span class='ocrx_word' id='word_1_154' title='bbox 593 2196 695 2258; x_wconf 91' lang='lat' dir='ltr'>ipse</span> <span class='ocrx_word' id='word_1_155' title='bbox 727 2194 1039 2242; x_wconf 88' lang='lat' dir='ltr'>«humanam</span> <span class='ocrx_word' id='word_1_156' title='bbox 1058 2195 1332 2259; x_wconf 91' lang='lat' dir='ltr'>opprimere</span> <span class='ocrx_word' id='word_1_157' title='bbox 1348 2193 1702 2249; x_wconf 90' lang='lat' dir='ltr'>infirmitatem,</span> 
     </span>
     <span class='ocr_line' id='line_1_26' title="bbox 350 2270 1704 2335; baseline 0 -16"><span class='ocrx_word' id='word_1_158' title='bbox 350 2271 471 2319; x_wconf 91' lang='lat' dir='ltr'>dum</span> <span class='ocrx_word' id='word_1_159' title='bbox 498 2272 777 2320; x_wconf 88' lang='lat' dir='ltr'>officiorum</span> <span class='ocrx_word' id='word_1_160' title='bbox 810 2272 1031 2320; x_wconf 89' lang='lat' dir='ltr'>cumulat</span> <span class='ocrx_word' id='word_1_161' title='bbox 1055 2288 1185 2320; x_wconf 91' lang='lat' dir='ltr'>onus</span> <span class='ocrx_word' id='word_1_162' title='bbox 1212 2270 1346 2335; x_wconf 94' lang='lat' dir='ltr'>quod</span> <span class='ocrx_word' id='word_1_163' title='bbox 1380 2287 1404 2318; x_wconf 90' lang='lat' dir='ltr'>a</span> <span class='ocrx_word' id='word_1_164' title='bbox 1431 2271 1537 2319; x_wconf 92' lang='lat' dir='ltr'>Deo</span> <span class='ocrx_word' id='word_1_165' title='bbox 1560 2270 1704 2320; x_wconf 93' lang='lat' dir='ltr'>nobis</span> 
     </span>
     <span class='ocr_line' id='line_1_27' title="bbox 351 2350 841 2414; baseline 0.002 -18"><span class='ocrx_word' id='word_1_166' title='bbox 351 2360 422 2396; x_wconf 88' lang='lat' dir='ltr'>est</span> <span class='ocrx_word' id='word_1_167' title='bbox 449 2350 731 2414; x_wconf 89' lang='lat' dir='ltr'>injunctum</span> <span class='ocrx_word' id='word_1_168' title='bbox 760 2368 782 2394; x_wconf 68' lang='lat' dir='ltr'>n</span> <span class='ocrx_word' id='word_1_169' title='bbox 810 2355 841 2397; x_wconf 84' lang='lat'>².</span> 
     </span>
    </p>
   </div>
   <div class='ocr_carea' id='block_1_5' title="bbox 407 2490 1192 2590">
    <p class='ocr_par' dir='ltr' id='par_1_6' title="bbox 407 2490 1192 2590">
     <span class='ocr_line' id='line_1_28' title="bbox 407 2490 1192 2590; baseline 0 -60"><span class='ocrx_word' id='word_1_170' title='bbox 407 2503 440 2531; x_wconf 92' lang='lat'>1.</span> <span class='ocrx_word' id='word_1_171' title='bbox 460 2490 665 2590; x_wconf 34' lang='lat' dir='ltr'>&amp;in-dNicol.</span> <span class='ocrx_word' id='word_1_172' title='bbox 689 2491 838 2531; x_wconf 88' lang='lat' dir='ltr'>Cornet</span> <span class='ocrx_word' id='word_1_173' title='bbox 865 2490 1010 2532; x_wconf 88' lang='lat' dir='ltr'>laudat.</span> <span class='ocrx_word' id='word_1_174' title='bbox 1037 2491 1192 2531; x_wconf 84' lang='lat' dir='ltr'>funebr.</span> 
     </span>
     <span class='ocr_line' id='line_1_29' title="bbox 407 2562 571 2590; baseline 0 0"><span class='ocrx_word' id='word_1_175' title='bbox 407 2562 442 2590; x_wconf 87' lang='lat'>1.</span> <span class='ocrx_word' id='word_1_176' title='bbox 562 2580 571 2590; x_wconf 88' lang='lat'><strong>.</strong></span> 
     </span>
    </p>
   </div>
   <div class='ocr_carea' id='block_1_6' title="bbox 1847 1934 1930 3294">
    <p class='ocr_par' dir='ltr' id='par_1_7' title="bbox 1847 1934 1930 3294">
     <span class='ocr_line' id='line_1_30' title="bbox 1847 1934 1930 3294; baseline 0 0"><span class='ocrx_word' id='word_1_177' title='bbox 1847 1934 1930 3294; x_wconf 95' lang='lat' dir='ltr'> </span> 
     </span>
    </p>
   </div>
  </div>
 </body>
</html>
