1930 3294
769 267 1007 310 ‚79-

209 383 367 423 mum,
394 366 604 414 fecerant
635 365 983 440 suspicionem.
1018 361 1189 411 Facilis
1220 361 1332 409 inde
1361 361 1549 425 conjec-

155 447 318 503 ,’.tura
351 455 423 492 est
455 443 774 491 Bossuetium
807 442 987 505 ipsum,
1025 456 1139 488 cum
1177 438 1370 486 infenso
1406 449 1552 501 atque

212 522 417 569 inimico
437 521 607 568 animo
634 520 731 584 jam
757 534 839 582 per
867 534 970 565 sese
997 528 1122 564 esset
1147 517 1407 571 animatus,
1437 531 1551 562 eum

211 614 316 646 esse
342 598 427 661 qui
453 612 624 644 eorum
651 596 869 659 vestigiis
898 593 1240 658 ingrederetur.

240 727 246 731 ,
275 675 419 730 Nam,
477 673 855 737 qualiscumque
906 687 1015 735 erga
1064 670 1280 731 Jansenii
1342 669 1555 716 fautores

214 767 356 799 mens
395 751 490 798 fuit
534 750 792 804 Bossuetii‚
838 777 905 784 -
949 764 1108 811 neque
1146 746 1374 810 equidem
1423 761 1557 792 nunc

163 826 177 839 ”
213 827 515 877 considerare
569 843 685 874 curo
751 842 872 873 num
935 841 1107 872 eorum
1168 823 1415 871 doctrinae
1479 821 1555 869 vel

216 919 413 957 morum
437 903 722 967 disciplinae
747 902 859 966 plus
881 903 1048 949 minus
1082 903 1131 948 in
1163 900 1365 964 reliquis
1399 898 1559 946 indul·

215 983 344 1038 serit,
377 978 651 1044 —utique
687 991 873 1027 certum
915 990 987 1027 est
1014 978 1148 1026 hunc
1178 994 1276 1034 eos,
1319 976 1453 1040 quod
1500 975 1558 1023 ad

217 1058 525 1108 comoediam
571 1057 883 1123 judicandam
935 1057 1121 1111 attinet,
1169 1054 1371 1102 mirifice
1412 1070 1560 1101 assec-

217 1137 329 1194 tari.-
368 1136 562 1183 Etenim
607 1151 721 1182 cum
765 1133 932 1181 eadem
975 1132 1103 1196 apud
1152 1143 1355 1179 cunctos
1398 1141 1470 1178 est
1509 1131 1558 1177 in

218 1229 414 1262 summa
441 1228 599 1260 rerum
638 1212 879 1266 severitas,
918 1209 996 1257 vel
1033 1210 1198 1273 potius
1232 1208 1559 1263 inclementia,

219 1301 329 1361 tuom
367 1291 417 1336 in
454 1288 664 1353 singulis
692 1287 888 1335 eaedem
917 1287 1109 1350 saepius
1143 1286 1409 1333 sententiae
1436 1301 1563 1348 repe-

220 1369 426 1416 riuntur.
464 1366 575 1414 Sive
618 1365 982 1412 demonstratur
1014 1363 1131 1410 haec
1166 1362 1338 1410 theatri
1373 1362 1564 1426 propria

159 1491 163 1493 ,
219 1445 295 1492 vis
317 1460 440 1508 quae
455 1459 509 1491 ea
529 1454 601 1490 est
624 1454 676 1490 ut
693 1442 758 1489 ibi
783 1442 951 1489 omnia
978 1440 1069 1488 sub
1084 1456 1286 1487 sensum
1315 1455 1564 1502 quemque

221 1520 393 1582 cadant
407 1520 626 1583 adeoque
642 1521 749 1566 viva
767 1535 818 1566 ac
834 1535 942 1566 vera
959 1517 1215 1582 praebeant
1232 1515 1505 1580 spectacula
1532 1522 1561 1571 ¹,

222 1599 323 1647 sive
337 1597 396 1646 de
412 1608 665 1662 poetarum
690 1597 941 1660 proposito
957 1595 1225 1660 suspiciose
1242 1605 1287 1641 et
1303 1594 1566 1640 criminose

223 1674 401 1724 dicitur
417 1681 458 1731 2;
486 1675 587 1722 sive
613 1674 793 1721 amoris
821 1673 1045 1728 imitatio,
1069 1671 1202 1734 quod
1228 1669 1394 1718 sordes
1421 1669 1566 1725 eluat,

225 1751 335 1800 ideo
354 1751 605 1800 delicatior
620 1749 1036 1814 periculosiorque
1061 1759 1261 1812 putatur
1287 1753 1329 1804 5;
1354 1748 1454 1794 sive
1487 1746 1569 1794 illa

225 1829 284 1878 de
315 1829 726 1892 Concupiscentia
750 1827 969 1874 doctrina
995 1825 1052 1872 ad
1084 1824 1392 1872 comoediam
1422 1835 1571 1871 trans—

224 1899 376 1954 fertur
403 1917 450 1954 et
473 1907 515 1953 ei
545 1904 862 1952 vehementer
890 1919 942 1950 ac
976 1901 1198 1950 sollerter
1233 1902 1504 1965 opponitur
1526 1907 1568 1957 ⁴;

226 1999 314 2031 seu
342 1984 488 2030 etiam
522 1981 804 2029 comoediae
837 1980 895 2027 ad
932 1978 1227 2026 excolendos
1260 1994 1420 2025 mores
1461 1993 1572 2025 con-

226 2059 482 2108 vertendae
507 2058 772 2106 consilium
797 2058 1023 2104 vanitatis
1050 2056 1355 2120 coarguitur⁵
1378 2072 1386 2102 :
1415 2054 1473 2102 de
1494 2054 1572 2102 his

229 2137 479 2190 omnibus,
516 2153 569 2183 ac
610 2135 667 2183 de
701 2135 809 2182 aliis
845 2134 988 2181 rebus
1025 2149 1145 2197 quas
1175 2132 1254 2180 hic
1290 2147 1572 2179 enumerare

230 2212 440 2278 longum
474 2224 559 2267 est,
589 2213 878 2260 Bossuetius
919 2210 1060 2274 plane
1088 2209 1217 2256 idem
1254 2210 1402 2256 sentit
1427 2220 1573 2271 atque

223 2284 441 2352 Jansenii
470 2290 696 2338 fautores.

355 2461 456 2501 Vide
474 2461 574 2501 infra
593 2460 866 2514 Appendicem
885 2468 1073 2504 nostram,
1095 2467 1139 2497 n⁰
1163 2471 1196 2497 1.

357 2522 406 2560 V.
417 2520 657 2574 Appendic„
678 2529 722 2558 n0
743 2532 764 2558 2
794 2528 832 2558 et
854 2531 875 2558 2
889 2516 954 2557 bis.

356 2579 658 2633 V.Appendic.‚
678 2587 723 2617 n0
743 2590 761 2628 3
782 2587 820 2617 et
838 2590 855 2629 3
874 2576 938 2616 bis.

356 2639 410 2679 V.
426 2637 670 2692 Appendic„
702 2646 747 2676 n0
769 2650 809 2685 4.

291 2474 325 2502 1.

289 2533 326 2560 2.

291 2592 326 2631 3.

286 2652 326 2688 4.

291 2707 328 2746 5.
422 2696 644 2751 Appendic.
654 2727 663 2743 ,
685 2705 732 2735 n⁰
737 2707 773 2747 5.
