1930 3294
768 247 826 256 .-.
862 211 1006 280 15‘-

211 350 316 384 sese
350 334 408 382 ad
444 345 717 382 extremum
760 334 935 382 induit.
979 335 1130 382 Porro
1167 332 1560 398 spectaculorum

211 410 379 460 studio
404 421 522 459 tunc
542 427 591 459 se
613 412 752 474 quasi
780 411 937 458 furere
966 411 1280 475 Augustinus
1308 410 1561 465 fatebatur,

213 489 395 552 quippe
446 488 580 551 quod
619 489 725 552 ejus
771 489 989 536 miserias
1038 504 1151 535 vero
1184 488 1474 551 exprimeret
1517 498 1564 534 et

215 564 346 613 idem
369 564 634 612 libidinum
662 566 886 612 excitaret
911 564 1131 612 ardorem
1163 571 1192 611 ¹.
1221 563 1360 611 Adeo
1390 564 1566 627 perspi·

214 657 367 689 cuum
391 653 462 689 est
479 642 787 690 comoediam
804 641 900 689 huc
924 653 1094 689 natura
1114 642 1367 705 pertinere,
1387 652 1440 688 ut
1455 657 1563 688 earn

176 766 181 767 ⁷
217 719 427 766 maxime
448 734 636 766 caecam
670 735 722 766 ac
762 719 1066 766 temerariam
1103 719 1256 765 animi
1282 717 1565 765 dominatri-

214 795 338 851 cem,
362 795 472 843 dico
503 795 775 851 libidinem,
801 797 972 843 excitet
998 806 1044 843 et
1067 795 1308 842 accendat.

282 871 375 920 Sed
402 883 534 919 tanta
561 873 844 920 testimonia
872 889 987 919 sane
1027 888 1099 920 res
1134 888 1234 919 non
1271 873 1440 936 poscit.
1465 872 1565 919 Nec

199 946 365 1019 'longa
413 949 1003 1013 demonstratione'opus
1051 961 1123 996 est
1174 960 1229 996 ut
1278 949 1562 996 comoediae

217 1025 430 1090 pericula
468 1026 705 1073 omnibus
743 1037 1016 1090 appareant.
1062 1026 1112 1074 Si
1153 1027 1265 1089 quis
1304 1027 1439 1073 enim
1480 1025 1566 1073 has

215 1103 370 1151 varias
410 1102 666 1166 cupidines
704 1103 887 1166 quibus
928 1102 1134 1167 flagrant
1159 1103 1437 1150 fabularum
1469 1118 1568 1166 per-

217 1195 367 1228 sonae
421 1196 522 1227 non
575 1191 764 1227 nostras
820 1181 966 1227 etiarn
1027 1181 1120 1228 nisi
1155 1169 1199 1224 ἀ
1252 1179 1454 1243 oblique
1521 1191 1598 1245 etxv

217 1262 370 1305 casu²
401 1275 424 1301 2>
468 1257 723 1304 incendere
760 1257 1029 1313 contendit,
1073 1256 1388 1304 vehementer
1431 1267 1566 1312 errat,

218 1345 267 1382 et
291 1349 351 1381 eo
378 1333 580 1397 quidem
608 1350 763 1381 errore
785 1335 870 1397 qui
898 1334 1036 1381 facile
1063 1333 1300 1381 dematur.
1329 1334 1486 1399 Cujus
1514 1344 1568 1381 ut

219 1410 445 1459 dematur
489 1427 633 1467 error,
668 1411 725 1458 ad
765 1423 931 1474 poetas
971 1412 1103 1475 ipsos
1146 1410 1438 1475 rejiciendus
1482 1421 1567 1465 est,

221 1489 308 1552 qui
341 1489 393 1534 in
423 1487 512 1535 hac
547 1504 593 1535 re
630 1504 805 1535 omnes
841 1504 922 1535 ore
961 1504 1063 1535 uno
1090 1489 1411 1535 consentiunt
1439 1499 1493 1535 ut
1518 1489 1568 1534 in

222 1564 445 1613 auditore
472 1565 705 1628 erigendo
743 1564 1129 1628 delectandoque
1166 1576 1418 1612 summam
1457 1565 1570 1611 artis

222 1652 410 1706 ponant
467 1653 514 1689 et
561 1643 730 1689 omnia
790 1643 1031 1689 contineri
1086 1642 1327 1689 fateantur
1354 1647 1382 1688 ³.
1434 1641 1570 1695 Quid

222 1734 366 1783 porro
390 1730 462 1767 est
495 1730 814 1782 spectatorem
854 1709 1102 1775 delectare,
1132 1720 1241 1775 nisi,
1277 1730 1331 1766 ut
1369 1718 1427 1766 de
1456 1724 1572 1766 'sce-

213 1796 336 1843 nico
362 1806 503 1843 antea
541 1795 771 1852 diximus,
797 1807 844 1843 et
869 1806 923 1843 ut
953 1796 1043 1843 fert
1067 1797 1351 1843 communis
1381 1812 1569 1851 sensus,

223 1873 330 1937 ejus
370 1874 596 1920 animum
651 1873 824 1920 eodem
874 1872 1244 1920 vehementiore
1296 1872 1571 1936 perturbare

223 1961 364 1997 motu
389 1966 490 2013 quo
517 1965 722 2013 persona
747 1949 1054 2013 perturbatur
1081 1951 1217 2013 ipsa?
1236 1950 1363 1997 Nam
1389 1950 1427 1997 si
1459 1950 1570 2012 quis

224 2027 274 2074 in
296 2042 438 2074 scena
483 2043 666 2082 amans,
688 2025 763 2074 vel
792 2026 908 2073 odio
932 2026 1252 2090 conflagrans,
1281 2026 1358 2074 vel
1380 2025 1573 2090 perhor-

225 2119 428 2158 rescens,
450 2104 527 2150 vel
549 2105 775 2167 gestiens,
800 2103 857 2150 ad
885 2119 1103 2150 amorem
1126 2115 1172 2151 et
1196 2103 1370 2150 odium
1398 2115 1445 2150 et
1467 2103 1574 2150 hor·

225 2195 383 2228 rorem
393 2191 440 2227 et
448 2180 732 2244 cupidinem
744 2196 835 2228 nos
848 2181 994 2227 etiam
1008 2197 1109 2227 non
1123 2191 1367 2243 provocat,
1380 2196 1574 2228 necesse

177 2314 182 2317 Ι
224 2267 298 2304 est
325 2268 380 2304 ut
409 2256 736 2304 dormitemus
757 2268 841 2304 aut
866 2255 1124 2304 rideamus.
1153 2258 1217 2304 Ea
1244 2268 1315 2304 est
1336 2257 1471 2304 enim
1500 2256 1576 2304 lex

285 2434 319 2461 1.
352 2438 372 2458 α
393 2421 609 2475 Rapiebant
639 2435 702 2461 me
726 2421 949 2474 spectacula
970 2421 1173 2470 theatrica,
1197 2421 1314 2475 plena
1337 2420 1576 2474 imaginibus

227 2481 473 2520 miseriarum
495 2494 671 2520 mearum
694 2491 732 2520 et
751 2480 958 2520 fomitibus
984 2481 1066 2534 igni
1090 2481 1168 2519 mei
1175 2511 1255 2520 .....
1289 2496 1309 2517 1>
1335 2480 1574 2533 Confessions.

230 2541 272 2579 L.
298 2541 370 2588 ΙΙΙ,
394 2553 432 2580 c.
455 2554 493 2580 2.

284 2611 321 2639 2.
352 2598 550 2647 Maximes,
574 2600 642 2638 IV.

284 2669 322 2709 3.
352 2657 552 2706 Maximes,
576 2656 782 2696 IV.—Cf.
809 2656 909 2696 infra
923 2655 1169 2710 Appendicem
1189 2665 1379 2704 nostram,
1406 2665 1450 2695 n0
1470 2657 1521 2695 ΙΙ.
