<?xml version="1.0" encoding="UTF-8"?>
<!DOCTYPE html PUBLIC "-//W3C//DTD XHTML 1.0 Transitional//EN"
    "http://www.w3.org/TR/xhtml1/DTD/xhtml1-transitional.dtd">
<html xmlns="http://www.w3.org/1999/xhtml" xml:lang="en" lang="en">
 <head>
  <title>
</title>
<meta http-equiv="Content-Type" content="text/html;charset=utf-8" />
  <meta name='ocr-system' content='tesseract 3.04.00' />
  <meta name='ocr-capabilities' content='ocr_page ocr_carea ocr_par ocr_line ocrx_word'/>
</head>
<body>
  <div class='ocr_page' id='page_1' title='image "./decomoediaetdeno00lebiuoft_0074.png"; bbox 0 0 1930 3294; ppageno 0'>
   <div class='ocr_carea' id='block_1_1' title="bbox 898 271 1135 326">
    <p class='ocr_par' dir='ltr' id='par_1_1' title="bbox 898 271 1135 326">
     <span class='ocr_line' id='line_1_1' title="bbox 898 271 1135 326; baseline 0 -27"><span class='ocrx_word' id='word_1_1' title='bbox 898 271 1135 326; x_wconf 68' lang='lat'><strong>-64-</strong></span> 
     </span>
    </p>
   </div>
   <div class='ocr_carea' id='block_1_2' title="bbox 328 383 1702 1837">
    <p class='ocr_par' dir='ltr' id='par_1_2' title="bbox 328 383 1702 1837">
     <span class='ocr_line' id='line_1_2' title="bbox 328 383 1680 450; baseline -0.001 -18"><span class='ocrx_word' id='word_1_2' title='bbox 328 387 425 450; x_wconf 88' lang='lat' dir='ltr'>jam</span> <span class='ocrx_word' id='word_1_3' title='bbox 464 397 770 449; x_wconf 88' lang='lat' dir='ltr'>recepturum</span> <span class='ocrx_word' id='word_1_4' title='bbox 806 385 854 431; x_wconf 94' lang='lat' dir='ltr'>in</span> <span class='ocrx_word' id='word_1_5' title='bbox 892 384 1090 431; x_wconf 88' lang='lat' dir='ltr'>Patrum</span> <span class='ocrx_word' id='word_1_6' title='bbox 1125 383 1274 439; x_wconf 85' lang='lat' dir='ltr'>locos,</span> <span class='ocrx_word' id='word_1_7' title='bbox 1306 400 1463 447; x_wconf 84' lang='lat' dir='ltr'>neque</span> <span class='ocrx_word' id='word_1_8' title='bbox 1492 385 1541 431; x_wconf 88' lang='lat' dir='ltr'>in</span> <span class='ocrx_word' id='word_1_9' title='bbox 1580 395 1680 431; x_wconf 89' lang='lat' dir='ltr'>tarn</span> 
     </span>
     <span class='ocr_line' id='line_1_3' title="bbox 328 461 1683 526; baseline -0.001 -16"><span class='ocrx_word' id='word_1_10' title='bbox 328 462 489 526; x_wconf 89' lang='lat' dir='ltr'>ampla</span> <span class='ocrx_word' id='word_1_11' title='bbox 511 463 709 510; x_wconf 91' lang='lat' dir='ltr'>materia</span> <span class='ocrx_word' id='word_1_12' title='bbox 734 461 878 508; x_wconf 88' lang='lat' dir='ltr'>latius</span> <span class='ocrx_word' id='word_1_13' title='bbox 906 477 955 508; x_wconf 85' lang='lat' dir='ltr'>se</span> <span class='ocrx_word' id='word_1_14' title='bbox 977 461 1206 508; x_wconf 85' lang='lat' dir='ltr'>fusurum</span> <span class='ocrx_word' id='word_1_15' title='bbox 1238 467 1247 484; x_wconf 89' lang='lat'>¹</span> <span class='ocrx_word' id='word_1_16' title='bbox 1284 479 1323 507; x_wconf 88' lang='lat'>».</span> <span class='ocrx_word' id='word_1_17' title='bbox 1356 461 1512 525; x_wconf 86' lang='lat' dir='ltr'>Cujus</span> <span class='ocrx_word' id='word_1_18' title='bbox 1535 461 1683 509; x_wconf 88' lang='lat' dir='ltr'>brevi-</span> 
     </span>
     <span class='ocr_line' id='line_1_4' title="bbox 329 525 1679 601; baseline -0.001 -14"><span class='ocrx_word' id='word_1_19' title='bbox 329 541 439 587; x_wconf 80' lang='lat' dir='ltr'>tatis</span> <span class='ocrx_word' id='word_1_20' title='bbox 466 539 587 587; x_wconf 88' lang='lat' dir='ltr'>duas</span> <span class='ocrx_word' id='word_1_21' title='bbox 620 540 770 586; x_wconf 83' lang='lat' dir='ltr'>fuisse</span> <span class='ocrx_word' id='word_1_22' title='bbox 810 554 977 585; x_wconf 87' lang='lat' dir='ltr'>causas</span> <span class='ocrx_word' id='word_1_23' title='bbox 1012 539 1245 601; x_wconf 91' lang='lat' dir='ltr'>suspicor.</span> <span class='ocrx_word' id='word_1_24' title='bbox 1274 538 1401 584; x_wconf 86' lang='lat' dir='ltr'>Nam</span> <span class='ocrx_word' id='word_1_25' title='bbox 1446 525 1679 601; x_wconf 82' lang='lat' dir='ltr'>primum,</span> 
     </span>
     <span class='ocr_line' id='line_1_5' title="bbox 330 614 1685 680; baseline -0.001 -16"><span class='ocrx_word' id='word_1_26' title='bbox 330 633 444 664; x_wconf 91' lang='lat' dir='ltr'>cum</span> <span class='ocrx_word' id='word_1_27' title='bbox 460 616 780 680; x_wconf 87' lang='lat' dir='ltr'>complures²,</span> <span class='ocrx_word' id='word_1_28' title='bbox 805 616 903 680; x_wconf 85' lang='lat' dir='ltr'>jam</span> <span class='ocrx_word' id='word_1_29' title='bbox 929 614 1183 678; x_wconf 87' lang='lat' dir='ltr'>aliquanto</span> <span class='ocrx_word' id='word_1_30' title='bbox 1209 625 1334 671; x_wconf 90' lang='lat' dir='ltr'>ante,</span> <span class='ocrx_word' id='word_1_31' title='bbox 1360 614 1540 662; x_wconf 91' lang='lat' dir='ltr'>horum</span> <span class='ocrx_word' id='word_1_32' title='bbox 1558 614 1685 662; x_wconf 95' lang='lat' dir='ltr'>loco-</span> 
     </span>
     <span class='ocr_line' id='line_1_6' title="bbox 330 692 1680 758; baseline -0.001 -17"><span class='ocrx_word' id='word_1_33' title='bbox 330 711 439 742; x_wconf 89' lang='lat' dir='ltr'>rum</span> <span class='ocrx_word' id='word_1_34' title='bbox 466 693 720 758; x_wconf 80' lang='lat' dir='ltr'>paginulas</span> <span class='ocrx_word' id='word_1_35' title='bbox 742 703 959 740; x_wconf 88' lang='lat' dir='ltr'>accurate</span> <span class='ocrx_word' id='word_1_36' title='bbox 973 692 1292 755; x_wconf 79' lang='lat' dir='ltr'>scripsissent,</span> <span class='ocrx_word' id='word_1_37' title='bbox 1321 708 1493 756; x_wconf 92' lang='lat' dir='ltr'>parum</span> <span class='ocrx_word' id='word_1_38' title='bbox 1521 707 1680 739; x_wconf 89' lang='lat' dir='ltr'>neces-</span> 
     </span>
     <span class='ocr_line' id='line_1_7' title="bbox 331 764 1702 833; baseline -0.002 -14"><span class='ocrx_word' id='word_1_39' title='bbox 331 772 512 819; x_wconf 91' lang='lat' dir='ltr'>sarium</span> <span class='ocrx_word' id='word_1_40' title='bbox 559 772 602 818; x_wconf 90' lang='lat' dir='ltr'>ei</span> <span class='ocrx_word' id='word_1_41' title='bbox 642 770 898 818; x_wconf 83' lang='lat' dir='ltr'>videbatur</span> <span class='ocrx_word' id='word_1_42' title='bbox 924 780 1023 816; x_wconf 89' lang='lat' dir='ltr'>tam</span> <span class='ocrx_word' id='word_1_43' title='bbox 1061 769 1270 833; x_wconf 88' lang='lat' dir='ltr'>longum</span> <span class='ocrx_word' id='word_1_44' title='bbox 1301 764 1512 832; x_wconf 84' lang='lat' dir='ltr'>repetere</span> <span class='ocrx_word' id='word_1_45' title='bbox 1540 785 1702 832; x_wconf 64' lang='lat' dir='ltr'>opus.&gt;</span> 
     </span>
     <span class='ocr_line' id='line_1_8' title="bbox 329 845 1683 910; baseline -0.002 -14"><span class='ocrx_word' id='word_1_46' title='bbox 329 849 613 896; x_wconf 82' lang='lat' dir='ltr'>Praesertim</span> <span class='ocrx_word' id='word_1_47' title='bbox 646 864 760 895; x_wconf 87' lang='lat' dir='ltr'>vero</span> <span class='ocrx_word' id='word_1_48' title='bbox 790 847 1106 894; x_wconf 87' lang='lat' dir='ltr'>Bossuetium</span> <span class='ocrx_word' id='word_1_49' title='bbox 1134 863 1234 894; x_wconf 89' lang='lat' dir='ltr'>non</span> <span class='ocrx_word' id='word_1_50' title='bbox 1260 845 1477 910; x_wconf 83' lang='lat' dir='ltr'>fugiebat</span> <span class='ocrx_word' id='word_1_51' title='bbox 1498 845 1683 893; x_wconf 90' lang='lat' dir='ltr'>horum</span> 
     </span>
     <span class='ocr_line' id='line_1_9' title="bbox 331 923 1684 991; baseline -0.002 -18"><span class='ocrx_word' id='word_1_52' title='bbox 331 926 738 991; x_wconf 83' lang='lat' dir='ltr'>objurgationum</span> <span class='ocrx_word' id='word_1_53' title='bbox 776 941 877 972; x_wconf 90' lang='lat' dir='ltr'>non</span> <span class='ocrx_word' id='word_1_54' title='bbox 906 923 1015 971; x_wconf 89' lang='lat' dir='ltr'>dico</span> <span class='ocrx_word' id='word_1_55' title='bbox 1043 925 1287 987; x_wconf 84' lang='lat' dir='ltr'>propriam</span> <span class='ocrx_word' id='word_1_56' title='bbox 1319 924 1420 970; x_wconf 86' lang='lat' dir='ltr'>vim</span> <span class='ocrx_word' id='word_1_57' title='bbox 1449 934 1495 970; x_wconf 91' lang='lat' dir='ltr'>et</span> <span class='ocrx_word' id='word_1_58' title='bbox 1522 934 1684 971; x_wconf 89' lang='lat' dir='ltr'>aucto-</span> 
     </span>
     <span class='ocr_line' id='line_1_10' title="bbox 335 1000 1686 1065; baseline -0.002 -15"><span class='ocrx_word' id='word_1_59' title='bbox 335 1005 539 1059; x_wconf 88' lang='lat' dir='ltr'>ritatem,</span> <span class='ocrx_word' id='word_1_60' title='bbox 585 1002 667 1050; x_wconf 87' lang='lat' dir='ltr'>sed</span> <span class='ocrx_word' id='word_1_61' title='bbox 712 1003 760 1048; x_wconf 91' lang='lat' dir='ltr'>in</span> <span class='ocrx_word' id='word_1_62' title='bbox 812 1002 1050 1065; x_wconf 87' lang='lat' dir='ltr'>praesenti</span> <span class='ocrx_word' id='word_1_63' title='bbox 1102 1000 1303 1064; x_wconf 88' lang='lat' dir='ltr'>quidem</span> <span class='ocrx_word' id='word_1_64' title='bbox 1353 1000 1686 1064; x_wconf 89' lang='lat' dir='ltr'>disputatione</span> 
     </span>
     <span class='ocr_line' id='line_1_11' title="bbox 335 1077 1688 1135; baseline -0.003 -7"><span class='ocrx_word' id='word_1_65' title='bbox 335 1091 666 1135; x_wconf 89' lang='lat' dir='ltr'>momentum,</span> <span class='ocrx_word' id='word_1_66' title='bbox 723 1078 810 1126; x_wconf 93' lang='lat' dir='ltr'>illo</span> <span class='ocrx_word' id='word_1_67' title='bbox 864 1095 965 1125; x_wconf 89' lang='lat' dir='ltr'>non</span> <span class='ocrx_word' id='word_1_68' title='bbox 1027 1077 1334 1125; x_wconf 89' lang='lat' dir='ltr'>mediocriter</span> <span class='ocrx_word' id='word_1_69' title='bbox 1377 1077 1688 1124; x_wconf 89' lang='lat' dir='ltr'>infirmatum</span> 
     </span>
     <span class='ocr_line' id='line_1_12' title="bbox 334 1154 1689 1220; baseline -0.003 -15"><span class='ocrx_word' id='word_1_70' title='bbox 334 1174 451 1213; x_wconf 89' lang='lat' dir='ltr'>esse,</span> <span class='ocrx_word' id='word_1_71' title='bbox 507 1156 640 1220; x_wconf 95' lang='lat' dir='ltr'>quod</span> <span class='ocrx_word' id='word_1_72' title='bbox 702 1157 865 1203; x_wconf 88' lang='lat' dir='ltr'>Patres</span> <span class='ocrx_word' id='word_1_73' title='bbox 917 1156 1109 1219; x_wconf 87' lang='lat' dir='ltr'>saepius</span> <span class='ocrx_word' id='word_1_74' title='bbox 1173 1172 1273 1202; x_wconf 92' lang='lat' dir='ltr'>non</span> <span class='ocrx_word' id='word_1_75' title='bbox 1326 1165 1425 1201; x_wconf 88' lang='lat' dir='ltr'>tam</span> <span class='ocrx_word' id='word_1_76' title='bbox 1484 1154 1689 1202; x_wconf 87' lang='lat' dir='ltr'>fortasse</span> 
     </span>
     <span class='ocr_line' id='line_1_13' title="bbox 336 1232 1688 1297; baseline -0.002 -15"><span class='ocrx_word' id='word_1_77' title='bbox 336 1234 645 1282; x_wconf 86' lang='lat' dir='ltr'>comoediam</span> <span class='ocrx_word' id='word_1_78' title='bbox 672 1235 828 1297; x_wconf 85' lang='lat' dir='ltr'>ipsam</span> <span class='ocrx_word' id='word_1_79' title='bbox 844 1249 994 1296; x_wconf 90' lang='lat' dir='ltr'>quam</span> <span class='ocrx_word' id='word_1_80' title='bbox 1023 1232 1413 1296; x_wconf 87' lang='lat' dir='ltr'>spectaculorum</span> <span class='ocrx_word' id='word_1_81' title='bbox 1431 1248 1555 1295; x_wconf 91' lang='lat' dir='ltr'>quae</span> <span class='ocrx_word' id='word_1_82' title='bbox 1579 1242 1688 1279; x_wconf 93' lang='lat' dir='ltr'>tum</span> 
     </span>
     <span class='ocr_line' id='line_1_14' title="bbox 335 1303 1687 1376; baseline -0.002 -17"><span class='ocrx_word' id='word_1_83' title='bbox 335 1303 564 1376; x_wconf 69' lang='lat' dir='ltr'>vigebant</span> <span class='ocrx_word' id='word_1_84' title='bbox 593 1311 827 1358; x_wconf 88' lang='lat' dir='ltr'>infamem</span> <span class='ocrx_word' id='word_1_85' title='bbox 851 1311 1204 1358; x_wconf 88' lang='lat' dir='ltr'>obscenitatem</span> <span class='ocrx_word' id='word_1_86' title='bbox 1223 1310 1630 1373; x_wconf 87' lang='lat' dir='ltr'>vituperavissent</span> <span class='ocrx_word' id='word_1_87' title='bbox 1659 1314 1687 1355; x_wconf 77' lang='lat'>³.</span> 
     </span>
     <span class='ocr_line' id='line_1_15' title="bbox 335 1387 1688 1453; baseline -0.003 -16"><span class='ocrx_word' id='word_1_88' title='bbox 335 1390 516 1453; x_wconf 89' lang='lat' dir='ltr'>Itaque,</span> <span class='ocrx_word' id='word_1_89' title='bbox 545 1400 599 1436; x_wconf 90' lang='lat' dir='ltr'>ut</span> <span class='ocrx_word' id='word_1_90' title='bbox 626 1398 946 1451; x_wconf 86' lang='lat' dir='ltr'>anteoccupet</span> <span class='ocrx_word' id='word_1_91' title='bbox 980 1387 1113 1450; x_wconf 92' lang='lat' dir='ltr'>quod</span> <span class='ocrx_word' id='word_1_92' title='bbox 1141 1387 1327 1451; x_wconf 91' lang='lat' dir='ltr'>opponi</span> <span class='ocrx_word' id='word_1_93' title='bbox 1356 1403 1498 1450; x_wconf 89' lang='lat' dir='ltr'>posse</span> <span class='ocrx_word' id='word_1_94' title='bbox 1533 1397 1688 1450; x_wconf 91' lang='lat' dir='ltr'>putat,</span> 
     </span>
     <span class='ocr_line' id='line_1_16' title="bbox 334 1463 1689 1530; baseline -0.003 -16"><span class='ocrx_word' id='word_1_95' title='bbox 334 1466 428 1514; x_wconf 95' lang='lat' dir='ltr'>hoc</span> <span class='ocrx_word' id='word_1_96' title='bbox 477 1477 700 1530; x_wconf 87' lang='lat' dir='ltr'>properat</span> <span class='ocrx_word' id='word_1_97' title='bbox 747 1465 1018 1529; x_wconf 88' lang='lat' dir='ltr'>significare</span> <span class='ocrx_word' id='word_1_98' title='bbox 1070 1482 1077 1511; x_wconf 90' lang='lat'><strong>:</strong></span> <span class='ocrx_word' id='word_1_99' title='bbox 1130 1483 1151 1509; x_wconf 83' lang='lat'>«</span> <span class='ocrx_word' id='word_1_100' title='bbox 1199 1463 1326 1511; x_wconf 93' lang='lat' dir='ltr'>Illud</span> <span class='ocrx_word' id='word_1_101' title='bbox 1364 1463 1689 1511; x_wconf 85' lang='lat' dir='ltr'>solummodo</span> 
     </span>
     <span class='ocr_line' id='line_1_17' title="bbox 336 1538 1693 1607; baseline -0.003 -16"><span class='ocrx_word' id='word_1_102' title='bbox 336 1543 623 1607; x_wconf 85' lang='lat' dir='ltr'>praedicam,</span> <span class='ocrx_word' id='word_1_103' title='bbox 638 1544 787 1590; x_wconf 92' lang='lat' dir='ltr'>nimis</span> <span class='ocrx_word' id='word_1_104' title='bbox 816 1542 1128 1606; x_wconf 84' lang='lat' dir='ltr'>neglegenter</span> <span class='ocrx_word' id='word_1_105' title='bbox 1152 1541 1358 1605; x_wconf 86' lang='lat' dir='ltr'>legentis</span> <span class='ocrx_word' id='word_1_106' title='bbox 1373 1557 1476 1588; x_wconf 84' lang='lat' dir='ltr'>esse</span> <span class='ocrx_word' id='word_1_107' title='bbox 1493 1538 1693 1591; x_wconf 88' lang='lat' dir='ltr'>conteri-</span> 
     </span>
     <span class='ocr_line' id='line_1_18' title="bbox 335 1616 1691 1684; baseline -0.003 -16"><span class='ocrx_word' id='word_1_108' title='bbox 335 1621 459 1677; x_wconf 88' lang='lat' dir='ltr'>dere,</span> <span class='ocrx_word' id='word_1_109' title='bbox 510 1620 937 1684; x_wconf 90' lang='lat' dir='ltr'>quemadmodum</span> <span class='ocrx_word' id='word_1_110' title='bbox 980 1618 1061 1666; x_wconf 86' lang='lat' dir='ltr'>ille</span> <span class='ocrx_word' id='word_1_111' title='bbox 1118 1619 1231 1666; x_wconf 87' lang='lat' dir='ltr'>facit</span> <span class='ocrx_word' id='word_1_112' title='bbox 1296 1619 1513 1682; x_wconf 88' lang='lat' dir='ltr'>scriptor,</span> <span class='ocrx_word' id='word_1_113' title='bbox 1567 1616 1691 1664; x_wconf 92' lang='lat' dir='ltr'>nihil</span> 
     </span>
     <span class='ocr_line' id='line_1_19' title="bbox 336 1694 1690 1760; baseline -0.004 -14"><span class='ocrx_word' id='word_1_114' title='bbox 336 1699 496 1746; x_wconf 88' lang='lat' dir='ltr'>Patres</span> <span class='ocrx_word' id='word_1_115' title='bbox 540 1699 590 1745; x_wconf 92' lang='lat' dir='ltr'>in</span> <span class='ocrx_word' id='word_1_116' title='bbox 628 1699 696 1745; x_wconf 90' lang='lat' dir='ltr'>eis</span> <span class='ocrx_word' id='word_1_117' title='bbox 724 1714 848 1760; x_wconf 88' lang='lat' dir='ltr'>quae</span> <span class='ocrx_word' id='word_1_118' title='bbox 880 1708 987 1744; x_wconf 91' lang='lat' dir='ltr'>tum</span> <span class='ocrx_word' id='word_1_119' title='bbox 1023 1696 1251 1760; x_wconf 79' lang='lat' dir='ltr'>vigebant</span> <span class='ocrx_word' id='word_1_120' title='bbox 1279 1694 1568 1759; x_wconf 88' lang='lat' dir='ltr'>spectaculis</span> <span class='ocrx_word' id='word_1_121' title='bbox 1597 1695 1690 1742; x_wconf 89' lang='lat' dir='ltr'>nisi</span> 
     </span>
     <span class='ocr_line' id='line_1_20' title="bbox 337 1772 1692 1837; baseline -0.003 -14"><span class='ocrx_word' id='word_1_122' title='bbox 337 1775 667 1823; x_wconf 90' lang='lat' dir='ltr'>idololatriam</span> <span class='ocrx_word' id='word_1_123' title='bbox 695 1787 741 1822; x_wconf 89' lang='lat' dir='ltr'>et</span> <span class='ocrx_word' id='word_1_124' title='bbox 770 1774 1052 1822; x_wconf 89' lang='lat' dir='ltr'>manifestas</span> <span class='ocrx_word' id='word_1_125' title='bbox 1068 1784 1332 1837; x_wconf 88' lang='lat' dir='ltr'>turpesque</span> <span class='ocrx_word' id='word_1_126' title='bbox 1355 1772 1692 1836; x_wconf 89' lang='lat' dir='ltr'>impudicitias</span> 
     </span>
    </p>
   </div>
   <div class='ocr_carea' id='block_1_3' title="bbox 338 2000 1742 2524">
    <p class='ocr_par' dir='ltr' id='par_1_3' title="bbox 395 2000 772 2047">
     <span class='ocr_line' id='line_1_21' title="bbox 395 2000 772 2047; baseline -0.005 -8"><span class='ocrx_word' id='word_1_127' title='bbox 395 2013 429 2039; x_wconf 90' lang='lat'>1.</span> <span class='ocrx_word' id='word_1_128' title='bbox 462 2001 511 2038; x_wconf 91' lang='lat' dir='ltr'>V.</span> <span class='ocrx_word' id='word_1_129' title='bbox 535 2000 772 2047; x_wconf 82' lang='lat' dir='ltr'>Max.,XII.</span> 
     </span>
    </p>

    <p class='ocr_par' dir='ltr' id='par_1_4' title="bbox 344 2053 1691 2158">
     <span class='ocr_line' id='line_1_22' title="bbox 392 2053 1691 2111; baseline -0.004 -13"><span class='ocrx_word' id='word_1_130' title='bbox 392 2071 429 2098; x_wconf 91' lang='lat'>2.</span> <span class='ocrx_word' id='word_1_131' title='bbox 460 2059 510 2098; x_wconf 84' lang='lat' dir='ltr'>V.</span> <span class='ocrx_word' id='word_1_132' title='bbox 535 2059 574 2097; x_wconf 90' lang='lat' dir='ltr'>in</span> <span class='ocrx_word' id='word_1_133' title='bbox 596 2059 734 2111; x_wconf 90' lang='lat' dir='ltr'>primis</span> <span class='ocrx_word' id='word_1_134' title='bbox 756 2057 890 2105; x_wconf 89' lang='lat' dir='ltr'>Conti,</span> <span class='ocrx_word' id='word_1_135' title='bbox 925 2055 1048 2096; x_wconf 82' lang='lat' dir='ltr'>Traite&#39;</span> <span class='ocrx_word' id='word_1_136' title='bbox 1063 2055 1104 2095; x_wconf 82' lang='lat' dir='ltr'>de</span> <span class='ocrx_word' id='word_1_137' title='bbox 1126 2055 1162 2095; x_wconf 81' lang='lat' dir='ltr'>la</span> <span class='ocrx_word' id='word_1_138' title='bbox 1185 2054 1337 2094; x_wconf 85' lang='lat' dir='ltr'>come&#39;die</span> <span class='ocrx_word' id='word_1_139' title='bbox 1362 2059 1395 2094; x_wconf 83' lang='lat' dir='ltr'>et</span> <span class='ocrx_word' id='word_1_140' title='bbox 1420 2054 1478 2094; x_wconf 82' lang='lat' dir='ltr'>des</span> <span class='ocrx_word' id='word_1_141' title='bbox 1493 2053 1691 2108; x_wconf 70' lang='lat' dir='ltr'>spectacles,</span> 
     </span>
     <span class='ocr_line' id='line_1_23' title="bbox 344 2119 458 2158; baseline -0.009 -1"><span class='ocrx_word' id='word_1_142' title='bbox 344 2119 458 2158; x_wconf 83' lang='lat'>1666.</span> 
     </span>
    </p>

    <p class='ocr_par' dir='ltr' id='par_1_5' title="bbox 338 2172 1742 2524">
     <span class='ocr_line' id='line_1_24' title="bbox 392 2172 1695 2230; baseline -0.004 -14"><span class='ocrx_word' id='word_1_143' title='bbox 392 2190 426 2227; x_wconf 87' lang='lat'>3.</span> <span class='ocrx_word' id='word_1_144' title='bbox 461 2177 584 2224; x_wconf 88' lang='lat' dir='ltr'>Quod</span> <span class='ocrx_word' id='word_1_145' title='bbox 620 2186 900 2230; x_wconf 86' lang='lat' dir='ltr'>argumentum</span> <span class='ocrx_word' id='word_1_146' title='bbox 927 2175 1170 2214; x_wconf 88' lang='lat' dir='ltr'>abundanter</span> <span class='ocrx_word' id='word_1_147' title='bbox 1197 2183 1234 2213; x_wconf 89' lang='lat' dir='ltr'>et</span> <span class='ocrx_word' id='word_1_148' title='bbox 1259 2173 1398 2219; x_wconf 84' lang='lat' dir='ltr'>callide</span> <span class='ocrx_word' id='word_1_149' title='bbox 1432 2172 1695 2225; x_wconf 86' lang='lat' dir='ltr'>explicaverat</span> 
     </span>
     <span class='ocr_line' id='line_1_25' title="bbox 338 2232 1694 2291; baseline -0.004 -15"><span class='ocrx_word' id='word_1_150' title='bbox 338 2236 525 2291; x_wconf 81' lang='lat' dir='ltr'>Epistulae</span> <span class='ocrx_word' id='word_1_151' title='bbox 546 2237 738 2289; x_wconf 86' lang='lat' dir='ltr'>scriptor:</span> <span class='ocrx_word' id='word_1_152' title='bbox 765 2252 782 2272; x_wconf 89' lang='lat'>«</span> <span class='ocrx_word' id='word_1_153' title='bbox 808 2234 914 2274; x_wconf 90' lang='lat' dir='ltr'>C&#39;est</span> <span class='ocrx_word' id='word_1_154' title='bbox 932 2248 1010 2274; x_wconf 89' lang='lat' dir='ltr'>une</span> <span class='ocrx_word' id='word_1_155' title='bbox 1032 2235 1198 2287; x_wconf 66' lang='lat' dir='ltr'>reponse</span> <span class='ocrx_word' id='word_1_156' title='bbox 1214 2247 1290 2287; x_wconf 89' lang='lat' dir='ltr'>que</span> <span class='ocrx_word' id='word_1_157' title='bbox 1311 2246 1414 2272; x_wconf 90' lang='lat' dir='ltr'>nous</span> <span class='ocrx_word' id='word_1_158' title='bbox 1429 2233 1579 2271; x_wconf 83' lang='lat' dir='ltr'>devons</span> <span class='ocrx_word' id='word_1_159' title='bbox 1597 2232 1694 2271; x_wconf 90' lang='lat' dir='ltr'>don-</span> 
     </span>
     <span class='ocr_line' id='line_1_26' title="bbox 339 2291 1693 2349; baseline -0.004 -14"><span class='ocrx_word' id='word_1_160' title='bbox 339 2310 408 2335; x_wconf 90' lang='lat' dir='ltr'>ner</span> <span class='ocrx_word' id='word_1_161' title='bbox 422 2297 441 2335; x_wconf 74' lang='lat' dir='ltr'>a</span> <span class='ocrx_word' id='word_1_162' title='bbox 462 2305 551 2335; x_wconf 88' lang='lat' dir='ltr'>tout</span> <span class='ocrx_word' id='word_1_163' title='bbox 570 2309 614 2334; x_wconf 88' lang='lat' dir='ltr'>ce</span> <span class='ocrx_word' id='word_1_164' title='bbox 638 2295 762 2349; x_wconf 90' lang='lat' dir='ltr'>qu’on</span> <span class='ocrx_word' id='word_1_165' title='bbox 781 2308 884 2333; x_wconf 91' lang='lat' dir='ltr'>nous</span> <span class='ocrx_word' id='word_1_166' title='bbox 903 2293 1055 2347; x_wconf 73' lang='lat' dir='ltr'>obJecte</span> <span class='ocrx_word' id='word_1_167' title='bbox 1077 2293 1144 2332; x_wconf 85' lang='lat' dir='ltr'>des</span> <span class='ocrx_word' id='word_1_168' title='bbox 1163 2293 1444 2340; x_wconf 53' lang='lat' dir='ltr'>&amp;ints-Pares,</span> <span class='ocrx_word' id='word_1_169' title='bbox 1465 2305 1559 2330; x_wconf 84' lang='lat' dir='ltr'>avec</span> <span class='ocrx_word' id='word_1_170' title='bbox 1582 2291 1693 2331; x_wconf 87' lang='lat' dir='ltr'>d’au-</span> 
     </span>
     <span class='ocr_line' id='line_1_27' title="bbox 338 2351 1742 2408; baseline -0.004 -13"><span class='ocrx_word' id='word_1_171' title='bbox 338 2365 422 2395; x_wconf 89' lang='lat' dir='ltr'>tant</span> <span class='ocrx_word' id='word_1_172' title='bbox 448 2355 535 2408; x_wconf 89' lang='lat' dir='ltr'>plus</span> <span class='ocrx_word' id='word_1_173' title='bbox 560 2355 608 2394; x_wconf 88' lang='lat' dir='ltr'>de</span> <span class='ocrx_word' id='word_1_174' title='bbox 632 2355 762 2394; x_wconf 84' lang='lat' dir='ltr'>raison</span> <span class='ocrx_word' id='word_1_175' title='bbox 785 2353 873 2408; x_wconf 79' lang='lat' dir='ltr'>qu’a</span> <span class='ocrx_word' id='word_1_176' title='bbox 902 2353 958 2392; x_wconf 87' lang='lat' dir='ltr'>les</span> <span class='ocrx_word' id='word_1_177' title='bbox 991 2353 1190 2392; x_wconf 89' lang='lat' dir='ltr'>examiner</span> <span class='ocrx_word' id='word_1_178' title='bbox 1210 2365 1298 2391; x_wconf 88' lang='lat' dir='ltr'>sans</span> <span class='ocrx_word' id='word_1_179' title='bbox 1331 2351 1568 2405; x_wconf 86' lang='lat' dir='ltr'>pre&#39;vention</span> <span class='ocrx_word' id='word_1_180' title='bbox 1601 2359 1640 2390; x_wconf 85' lang='lat' dir='ltr'>et</span> <span class='ocrx_word' id='word_1_181' title='bbox 1675 2351 1696 2389; x_wconf 70' lang='lat' dir='ltr'>a</span> <span class='ocrx_word' id='word_1_182' title='bbox 1732 2373 1742 2390; x_wconf 67' lang='grc' dir='ltr'><strong><em>ο</em></strong></span> 
     </span>
     <span class='ocr_line' id='line_1_28' title="bbox 339 2410 1696 2468; baseline -0.004 -14"><span class='ocrx_word' id='word_1_183' title='bbox 339 2428 450 2468; x_wconf 88' lang='lat' dir='ltr'>peser</span> <span class='ocrx_word' id='word_1_184' title='bbox 472 2423 603 2454; x_wconf 86' lang='lat' dir='ltr'>toutes</span> <span class='ocrx_word' id='word_1_185' title='bbox 619 2413 724 2453; x_wconf 89' lang='lat' dir='ltr'>leurs</span> <span class='ocrx_word' id='word_1_186' title='bbox 744 2413 913 2467; x_wconf 86' lang='lat' dir='ltr'>paroles,</span> <span class='ocrx_word' id='word_1_187' title='bbox 940 2412 966 2451; x_wconf 95' lang='lat' dir='ltr'>il</span> <span class='ocrx_word' id='word_1_188' title='bbox 994 2422 1051 2452; x_wconf 89' lang='lat' dir='ltr'>est</span> <span class='ocrx_word' id='word_1_189' title='bbox 1074 2412 1153 2451; x_wconf 56' lang='lat' dir='ltr'>ais&amp;</span> <span class='ocrx_word' id='word_1_190' title='bbox 1172 2411 1220 2450; x_wconf 89' lang='lat' dir='ltr'>de</span> <span class='ocrx_word' id='word_1_191' title='bbox 1241 2411 1327 2450; x_wconf 88' lang='lat' dir='ltr'>voir</span> <span class='ocrx_word' id='word_1_192' title='bbox 1344 2424 1420 2464; x_wconf 88' lang='lat' dir='ltr'>que</span> <span class='ocrx_word' id='word_1_193' title='bbox 1445 2410 1526 2449; x_wconf 81' lang='lat' dir='ltr'>s’ils</span> <span class='ocrx_word' id='word_1_194' title='bbox 1546 2423 1586 2449; x_wconf 89' lang='lat' dir='ltr'>se</span> <span class='ocrx_word' id='word_1_195' title='bbox 1606 2418 1696 2448; x_wconf 89' lang='lat' dir='ltr'>sont</span> 
     </span>
     <span class='ocr_line' id='line_1_29' title="bbox 339 2468 1740 2524; baseline -0.004 -11"><span class='ocrx_word' id='word_1_196' title='bbox 339 2483 421 2513; x_wconf 88' lang='lat' dir='ltr'>tant</span> <span class='ocrx_word' id='word_1_197' title='bbox 444 2473 655 2520; x_wconf 68' lang='lat' dir='ltr'>dechaines</span> <span class='ocrx_word' id='word_1_198' title='bbox 681 2482 817 2512; x_wconf 89' lang='lat' dir='ltr'>contre</span> <span class='ocrx_word' id='word_1_199' title='bbox 843 2472 878 2511; x_wconf 87' lang='lat' dir='ltr'>la</span> <span class='ocrx_word' id='word_1_200' title='bbox 899 2471 1107 2519; x_wconf 74' lang='lat' dir='ltr'>Comedie,</span> <span class='ocrx_word' id='word_1_201' title='bbox 1124 2470 1183 2520; x_wconf 78' lang='lat' dir='ltr'>c&#39;a</span> <span class='ocrx_word' id='word_1_202' title='bbox 1199 2471 1260 2510; x_wconf 80' lang='lat' dir='ltr'>ete&#39;</span> <span class='ocrx_word' id='word_1_203' title='bbox 1281 2483 1395 2524; x_wconf 89' lang='lat' dir='ltr'>parce</span> <span class='ocrx_word' id='word_1_204' title='bbox 1425 2483 1502 2523; x_wconf 91' lang='lat' dir='ltr'>que</span> <span class='ocrx_word' id='word_1_205' title='bbox 1536 2468 1584 2508; x_wconf 88' lang='lat' dir='ltr'>de</span> <span class='ocrx_word' id='word_1_206' title='bbox 1611 2468 1696 2508; x_wconf 88' lang='lat' dir='ltr'>leur</span> <span class='ocrx_word' id='word_1_207' title='bbox 1736 2498 1740 2503; x_wconf 89' lang='lat'><em>.</em></span> 
     </span>
    </p>
   </div>
   <div class='ocr_carea' id='block_1_4' title="bbox 340 2527 1778 2586">
    <p class='ocr_par' dir='ltr' id='par_1_6' title="bbox 340 2527 1778 2586">
     <span class='ocr_line' id='line_1_30' title="bbox 340 2527 1778 2586; baseline -0.004 -14"><span class='ocrx_word' id='word_1_208' title='bbox 340 2543 470 2586; x_wconf 88' lang='lat' dir='ltr'>temps</span> <span class='ocrx_word' id='word_1_209' title='bbox 499 2533 639 2572; x_wconf 80' lang='lat' dir='ltr'>l&#39;exces</span> <span class='ocrx_word' id='word_1_210' title='bbox 669 2546 717 2571; x_wconf 90' lang='lat' dir='ltr'>en</span> <span class='ocrx_word' id='word_1_211' title='bbox 745 2532 837 2571; x_wconf 79' lang='lat' dir='ltr'>etait</span> <span class='ocrx_word' id='word_1_212' title='bbox 860 2531 1039 2570; x_wconf 89' lang='lat' dir='ltr'>criminel</span> <span class='ocrx_word' id='word_1_213' title='bbox 1076 2539 1114 2569; x_wconf 88' lang='lat' dir='ltr'>et</span> <span class='ocrx_word' id='word_1_214' title='bbox 1160 2529 1395 2578; x_wconf 72' lang='lat' dir='ltr'>immodere&#39;,</span> <span class='ocrx_word' id='word_1_215' title='bbox 1421 2538 1459 2568; x_wconf 90' lang='lat' dir='ltr'>et</span> <span class='ocrx_word' id='word_1_216' title='bbox 1497 2541 1573 2582; x_wconf 87' lang='lat' dir='ltr'>que</span> <span class='ocrx_word' id='word_1_217' title='bbox 1615 2527 1696 2567; x_wconf 86' lang='lat' dir='ltr'>s&#39;ils</span> <span class='ocrx_word' id='word_1_218' title='bbox 1738 2543 1747 2548; x_wconf 71' lang='grc'><em>’</em></span> <span class='ocrx_word' id='word_1_219' title='bbox 1768 2527 1778 2534; x_wconf 91' lang='grc'><em>“</em></span> 
     </span>
    </p>
   </div>
   <div class='ocr_carea' id='block_1_5' title="bbox 342 2588 1697 2763">
    <p class='ocr_par' dir='ltr' id='par_1_7' title="bbox 342 2588 1697 2763">
     <span class='ocr_line' id='line_1_31' title="bbox 342 2588 1696 2642; baseline -0.004 -11"><span class='ocrx_word' id='word_1_220' title='bbox 342 2593 525 2631; x_wconf 86' lang='lat' dir='ltr'>l&#39;avaient</span> <span class='ocrx_word' id='word_1_221' title='bbox 547 2592 711 2631; x_wconf 74' lang='lat' dir='ltr'>trouvee</span> <span class='ocrx_word' id='word_1_222' title='bbox 732 2604 891 2630; x_wconf 86' lang='lat' dir='ltr'>comme</span> <span class='ocrx_word' id='word_1_223' title='bbox 918 2590 992 2629; x_wconf 89' lang='lat' dir='ltr'>elle</span> <span class='ocrx_word' id='word_1_224' title='bbox 1017 2600 1073 2629; x_wconf 90' lang='lat' dir='ltr'>est</span> <span class='ocrx_word' id='word_1_225' title='bbox 1097 2589 1366 2642; x_wconf 86' lang='lat' dir='ltr'>aujourd’hui,</span> <span class='ocrx_word' id='word_1_226' title='bbox 1392 2588 1597 2627; x_wconf 88' lang='lat' dir='ltr'>conforme</span> <span class='ocrx_word' id='word_1_227' title='bbox 1623 2601 1696 2626; x_wconf 83' lang='lat' dir='ltr'>aux</span> 
     </span>
     <span class='ocr_line' id='line_1_32' title="bbox 343 2647 1697 2705; baseline -0.004 -15"><span class='ocrx_word' id='word_1_228' title='bbox 343 2651 496 2691; x_wconf 86' lang='lat' dir='ltr'>bonnes</span> <span class='ocrx_word' id='word_1_229' title='bbox 514 2665 665 2690; x_wconf 83' lang='lat' dir='ltr'>moeurs</span> <span class='ocrx_word' id='word_1_230' title='bbox 686 2661 722 2690; x_wconf 88' lang='lat' dir='ltr'>et</span> <span class='ocrx_word' id='word_1_231' title='bbox 744 2652 764 2689; x_wconf 76' lang='lat' dir='ltr'>a</span> <span class='ocrx_word' id='word_1_232' title='bbox 785 2651 819 2690; x_wconf 86' lang='lat' dir='ltr'>la</span> <span class='ocrx_word' id='word_1_233' title='bbox 837 2650 962 2689; x_wconf 88' lang='lat' dir='ltr'>droite</span> <span class='ocrx_word' id='word_1_234' title='bbox 983 2650 1129 2697; x_wconf 87' lang='lat' dir='ltr'>raison,</span> <span class='ocrx_word' id='word_1_235' title='bbox 1155 2648 1203 2705; x_wconf 81' lang='lat' dir='ltr'>ils</span> <span class='ocrx_word' id='word_1_236' title='bbox 1224 2662 1273 2687; x_wconf 90' lang='lat' dir='ltr'>ne</span> <span class='ocrx_word' id='word_1_237' title='bbox 1297 2647 1502 2687; x_wconf 88' lang='lat' dir='ltr'>l’auraient</span> <span class='ocrx_word' id='word_1_238' title='bbox 1525 2660 1593 2700; x_wconf 86' lang='lat' dir='ltr'>pas</span> <span class='ocrx_word' id='word_1_239' title='bbox 1613 2655 1697 2685; x_wconf 85' lang='lat' dir='ltr'>tant</span> 
     </span>
     <span class='ocr_line' id='line_1_33' title="bbox 343 2710 990 2763; baseline -0.003 -13"><span class='ocrx_word' id='word_1_240' title='bbox 343 2710 510 2759; x_wconf 72' lang='lat' dir='ltr'>decriee‚</span> <span class='ocrx_word' id='word_1_241' title='bbox 528 2720 639 2750; x_wconf 86' lang='lat' dir='ltr'>etc...</span> <span class='ocrx_word' id='word_1_242' title='bbox 655 2726 675 2746; x_wconf 86' lang='lat'>»</span> <span class='ocrx_word' id='word_1_243' title='bbox 694 2723 761 2763; x_wconf 91' lang='lat' dir='ltr'>pp.</span> <span class='ocrx_word' id='word_1_244' title='bbox 787 2722 830 2760; x_wconf 83' lang='lat'>13</span> <span class='ocrx_word' id='word_1_245' title='bbox 851 2723 882 2749; x_wconf 91' lang='lat' dir='ltr'>s.</span> <span class='ocrx_word' id='word_1_246' title='bbox 898 2723 935 2763; x_wconf 92' lang='lat' dir='ltr'>q.</span> <span class='ocrx_word' id='word_1_247' title='bbox 951 2722 990 2762; x_wconf 92' lang='lat' dir='ltr'>q.</span> 
     </span>
    </p>
   </div>
  </div>
 </body>
</html>
