1930 3294
864 275 1102 330 —46—

361 384 410 431 Si
436 385 546 447 quis
569 400 682 431 vero
710 401 1003 449 cognoscere
1028 385 1145 433 velit
1166 402 1321 448 quam
1344 403 1452 434 vere
1473 389 1652 435 amoris

295 462 578 508 servitutem
613 462 834 509 exuerint
871 462 1152 510 Corneliani
1190 463 1295 518 viri,
1339 475 1511 527 poetae
1550 465 1651 530 jam

297 539 592 586 senescentis
620 538 807 586 fabulas
830 540 1064 603 respiciat,
1095 540 1176 588 ubi
1207 551 1279 587 tot
1301 540 1375 588 vel
1401 540 1652 610 homines,

297 615 372 662 vel
386 615 594 663 feminae
610 617 790 663 amoris
805 616 1025 664 mutandi
1043 633 1142 664 non
1157 617 1341 664 faciunt
1356 618 1644 666 finem.Non

298 693 363 740 ibi
404 710 518 741 sane
554 694 835 741 invenimus
872 693 1004 741 hunc
1039 695 1178 757 quasi
1217 696 1516 743 feminarum
1553 695 1655 744 cul·

298 782 405 818 tum
438 787 586 834 quem
614 772 875 834 impietatis
909 773 1336 835 corruptionisque
1358 774 1652 821 Bossuetius

296 847 458 895 defert.
496 848 588 896 Sed
633 865 733 895 non
775 865 889 896 eum
927 848 1119 896 cultum
1165 851 1448 898 invenimus
1492 851 1647 914 magis

295 926 343 972 in
379 925 477 973 illis
508 925 686 974 fabulis
714 942 835 989 quas
864 937 1032 990 poetae
1070 927 1167 991 jam
1199 927 1487 975 confirmata
1517 938 1645 976 aetas

295 1003 653 1067 ingeniumque
689 1014 939 1050 maturum
968 1003 1130 1051 edidit.
1160 1005 1265 1052 Nisi
1293 1005 1430 1061 forte,
1457 1004 1643 1053 oblitus

291 1096 388 1143 qua
427 1079 681 1143 relligione
717 1080 935 1136 honoris,
975 1082 1165 1144 patriae,
1203 1082 1409 1138 virtutis,
1441 1083 1643 1146 verique

288 1159 377 1205 Dei
424 1159 751 1221 patrocinium
797 1159 1027 1222 arripiant
1071 1158 1352 1215 Rodericus‚
1394 1159 1643 1215 Horatius,

290 1235 560 1298 Augustus,
597 1235 874 1297 Polyeucta,
917 1235 1022 1283 illas
1070 1236 1339 1300 tragoedias
1385 1236 1443 1284 ad
1489 1237 1645 1284 Femi-

293 1329 379 1360 nae
417 1313 815 1376 superstitionem
864 1324 1164 1361 consecratas
1209 1330 1261 1361 ac
1301 1313 1499 1362 devotas
1539 1330 1642 1362 esse

298 1390 568 1438 contendis.

363 1468 514 1522 Quod
556 1468 594 1526 si
646 1469 756 1531 quis
807 1485 833 1515 a
884 1467 1116 1516 Cornelio
1163 1468 1325 1516 cultus
1366 1485 1473 1516 vere
1513 1485 1647 1518 com-

296 1545 567 1596 mendatur.
617 1545 779 1593 cultus
828 1557 899 1593 est
954 1563 1055 1593 non
1104 1547 1299 1602 amoris,
1353 1563 1451 1593 non
1495 1545 1647 1594 ullius
1694 1598 1699 1603 .

295 1623 602 1670 effeminatae
668 1622 950 1686 voluptatis,
1016 1623 1099 1671 sed
1152 1623 1338 1670 roboris
1398 1624 1551 1671 animi
1599 1635 1646 1671 et

293 1702 596 1748 constantiae
625 1712 684 1756 et,
709 1711 762 1748 ut
791 1701 854 1747 ita
879 1700 1053 1756 dicam,
1076 1717 1233 1748 merae
1263 1700 1519 1748 virilitatis.
1542 1701 1647 1749 Hoc

295 1777 542 1825 theatrum
571 1795 672 1825 non
720 1795 834 1825 sane
874 1777 1158 1825 habendum
1204 1790 1275 1825 est
1311 1794 1397 1842 pro
1446 1794 1647 1842 corpore

297 1855 515 1919 quodam
557 1856 690 1919 juris,
740 1855 1119 1918 officiorumque
1174 1866 1455 1903 nostrorum
1492 1855 1648 1919 plenis

298 1932 477 1980 tabulis
505 1943 551 1980 et
577 1932 830 1988 absolutis,
862 1949 975 1980 nam
1010 1932 1276 1996 aliquando
1311 1933 1366 1980 fit
1395 1943 1448 1980 ut
1470 1933 1646 1980 Corne-

297 2010 413 2058 liani
441 2011 529 2057 viri
559 2011 607 2057 in
643 2010 811 2057 officio
852 2009 1168 2075 dijudicando
1212 2009 1443 2057 fallantur
1489 2026 1647 2073 neque

296 2104 459 2135 veram
489 2088 722 2135 virtutem
765 2104 790 2134 a
828 2087 946 2135 falsa
986 2086 1312 2134 similitudine
1355 2086 1643 2134 discernant.

297 2165 387 2212 Sed
465 2181 623 2228 neque
687 2164 906 2212 acerbius
959 2164 1372 2228 reprehendemus
1430 2164 1645 2227 aliquem

294 2241 451 2290 levem
485 2258 695 2289 errorem
742 2258 891 2305 quern
951 2261 973 2287 «
1025 2241 1243 2290 humana
1291 2258 1465 2305 parurn
1521 2241 1648 2288 cavit

296 2331 465 2367 natura
495 2336 547 2375 »ς
572 2335 731 2382 neque
759 2319 1110 2367 obliviscemur
1139 2329 1349 2382 poetam,
1376 2335 1489 2365 cum
1521 2317 1647 2365 male

296 2407 506 2444 moratas
545 2412 775 2460 personas
824 2396 1038 2460 effingat,
1089 2412 1382 2460 magnopere
1429 2396 1549 2442 eniti
1595 2406 1648 2443 ut

297 2490 639 2537 quaecumque
698 2473 1018 2536 improbanda
1077 2484 1193 2520 sunt
1255 2472 1393 2520 valde
1456 2488 1647 2536 semper

298 2550 651 2614 improbentur.
692 2551 747 2597 In
792 2551 961 2614 primis
1018 2566 1131 2597 vero
1180 2550 1464 2597 meminisse
1509 2549 1647 2596 decet

300 2648 323 2673 <c
352 2627 425 2675 vel
457 2627 871 2691 flagitiosissimos
899 2642 1122 2690 quosque
1165 2627 1244 2674 hic
1272 2637 1457 2674 tantam
1485 2627 1643 2674 animi

299 2705 559 2768 patefacere
587 2703 965 2767 amplitudinem
993 2715 1046 2751 ut
1071 2719 1243 2751 eorum
1279 2703 1462 2768 flagitia
1493 2702 1644 2751 detes-
