<?xml version="1.0" encoding="UTF-8"?>
<!DOCTYPE html PUBLIC "-//W3C//DTD XHTML 1.0 Transitional//EN"
    "http://www.w3.org/TR/xhtml1/DTD/xhtml1-transitional.dtd">
<html xmlns="http://www.w3.org/1999/xhtml" xml:lang="en" lang="en">
 <head>
  <title>
</title>
<meta http-equiv="Content-Type" content="text/html;charset=utf-8" />
  <meta name='ocr-system' content='tesseract 3.04.00' />
  <meta name='ocr-capabilities' content='ocr_page ocr_carea ocr_par ocr_line ocrx_word'/>
</head>
<body>
  <div class='ocr_page' id='page_1' title='image "./decomoediaetdeno00lebiuoft_0064.png"; bbox 0 0 1930 3294; ppageno 0'>
   <div class='ocr_carea' id='block_1_1' title="bbox 346 257 1149 403">
    <p class='ocr_par' dir='ltr' id='par_1_1' title="bbox 346 257 1149 403">
     <span class='ocr_line' id='line_1_1' title="bbox 913 257 1149 302; baseline 0 -26"><span class='ocrx_word' id='word_1_1' title='bbox 913 268 971 276; x_wconf 87' lang='grc'><strong>-</strong></span> <span class='ocrx_word' id='word_1_2' title='bbox 1006 257 1061 302; x_wconf 84' lang='lat'>54</span> <span class='ocrx_word' id='word_1_3' title='bbox 1091 269 1149 276; x_wconf 85' lang='grc'>..-</span> 
     </span>
     <span class='ocr_line' id='line_1_2' title="bbox 346 354 951 403; baseline 0.002 -2"><span class='ocrx_word' id='word_1_4' title='bbox 346 355 446 402; x_wconf 74' lang='lat' dir='ltr'>sive</span> <span class='ocrx_word' id='word_1_5' title='bbox 474 354 688 402; x_wconf 86' lang='lat' dir='ltr'>Phaedra</span> <span class='ocrx_word' id='word_1_6' title='bbox 714 354 921 403; x_wconf 84' lang='lat' dir='ltr'>declarat</span> <span class='ocrx_word' id='word_1_7' title='bbox 943 372 951 402; x_wconf 89' lang='lat'>:</span> 
     </span>
    </p>
   </div>
   <div class='ocr_carea' id='block_1_2' title="bbox 500 468 1545 718">
    <p class='ocr_par' dir='ltr' id='par_1_2' title="bbox 500 468 1545 718">
     <span class='ocr_line' id='line_1_3' title="bbox 1079 468 1542 522; baseline 0.004 -15"><span class='ocrx_word' id='word_1_8' title='bbox 1079 469 1125 518; x_wconf 88' lang='lat' dir='ltr'>Je</span> <span class='ocrx_word' id='word_1_9' title='bbox 1147 468 1221 508; x_wconf 91' lang='lat' dir='ltr'>sais</span> <span class='ocrx_word' id='word_1_10' title='bbox 1243 481 1327 508; x_wconf 88' lang='lat' dir='ltr'>mes</span> <span class='ocrx_word' id='word_1_11' title='bbox 1344 468 1542 522; x_wconf 87' lang='lat' dir='ltr'>perfidies‚</span> 
     </span>
     <span class='ocr_line' id='line_1_4' title="bbox 507 533 1545 587; baseline 0.003 -16"><span class='ocrx_word' id='word_1_12' title='bbox 507 533 684 582; x_wconf 88' lang='lat' dir='ltr'>OEnone,</span> <span class='ocrx_word' id='word_1_13' title='bbox 701 541 739 572; x_wconf 86' lang='lat' dir='ltr'>et</span> <span class='ocrx_word' id='word_1_14' title='bbox 754 545 803 572; x_wconf 92' lang='lat' dir='ltr'>ne</span> <span class='ocrx_word' id='word_1_15' title='bbox 826 533 907 572; x_wconf 86' lang='lat' dir='ltr'>suis</span> <span class='ocrx_word' id='word_1_16' title='bbox 922 533 1038 587; x_wconf 90' lang='lat' dir='ltr'>point</span> <span class='ocrx_word' id='word_1_17' title='bbox 1059 533 1107 573; x_wconf 91' lang='lat' dir='ltr'>de</span> <span class='ocrx_word' id='word_1_18' title='bbox 1125 546 1190 573; x_wconf 89' lang='lat' dir='ltr'>ces</span> <span class='ocrx_word' id='word_1_19' title='bbox 1205 533 1375 573; x_wconf 89' lang='lat' dir='ltr'>femmes</span> <span class='ocrx_word' id='word_1_20' title='bbox 1391 534 1545 575; x_wconf 88' lang='lat' dir='ltr'>hardies</span> 
     </span>
     <span class='ocr_line' id='line_1_5' title="bbox 500 597 1542 654; baseline 0.003 -18"><span class='ocrx_word' id='word_1_21' title='bbox 500 598 583 643; x_wconf 87' lang='lat' dir='ltr'>Qui</span> <span class='ocrx_word' id='word_1_22' title='bbox 602 598 770 651; x_wconf 73' lang='lat' dir='ltr'>goutant</span> <span class='ocrx_word' id='word_1_23' title='bbox 787 597 882 637; x_wconf 85' lang='lat' dir='ltr'>dans</span> <span class='ocrx_word' id='word_1_24' title='bbox 900 597 936 638; x_wconf 90' lang='lat' dir='ltr'>le</span> <span class='ocrx_word' id='word_1_25' title='bbox 957 599 1081 638; x_wconf 89' lang='lat' dir='ltr'>crime</span> <span class='ocrx_word' id='word_1_26' title='bbox 1105 612 1184 638; x_wconf 89' lang='lat' dir='ltr'>une</span> <span class='ocrx_word' id='word_1_27' title='bbox 1205 598 1421 653; x_wconf 83' lang='lat' dir='ltr'>tranquille</span> <span class='ocrx_word' id='word_1_28' title='bbox 1440 600 1542 654; x_wconf 85' lang='lat' dir='ltr'>paix,</span> 
     </span>
     <span class='ocr_line' id='line_1_6' title="bbox 503 661 1542 718; baseline 0.001 -15"><span class='ocrx_word' id='word_1_29' title='bbox 503 663 590 703; x_wconf 90' lang='lat' dir='ltr'>Ont</span> <span class='ocrx_word' id='word_1_30' title='bbox 615 677 659 703; x_wconf 90' lang='lat' dir='ltr'>su</span> <span class='ocrx_word' id='word_1_31' title='bbox 684 676 724 703; x_wconf 87' lang='lat' dir='ltr'>se</span> <span class='ocrx_word' id='word_1_32' title='bbox 750 661 845 703; x_wconf 87' lang='lat' dir='ltr'>faire</span> <span class='ocrx_word' id='word_1_33' title='bbox 869 677 922 703; x_wconf 91' lang='lat' dir='ltr'>un</span> <span class='ocrx_word' id='word_1_34' title='bbox 943 664 1050 703; x_wconf 75' lang='lat' dir='ltr'>front</span> <span class='ocrx_word' id='word_1_35' title='bbox 1073 664 1140 718; x_wconf 93' lang='lat' dir='ltr'>qui</span> <span class='ocrx_word' id='word_1_36' title='bbox 1165 677 1214 703; x_wconf 88' lang='lat' dir='ltr'>ne</span> <span class='ocrx_word' id='word_1_37' title='bbox 1236 665 1369 718; x_wconf 89' lang='lat' dir='ltr'>rougit</span> <span class='ocrx_word' id='word_1_38' title='bbox 1389 665 1542 718; x_wconf 89' lang='lat' dir='ltr'>jamais,</span> 
     </span>
    </p>
   </div>
   <div class='ocr_carea' id='block_1_3' title="bbox 1222 748 1494 795">
    <p class='ocr_par' dir='ltr' id='par_1_3' title="bbox 1222 748 1494 795">
     <span class='ocr_line' id='line_1_7' title="bbox 1222 748 1494 795; baseline 0.011 -14"><span class='ocrx_word' id='word_1_39' title='bbox 1222 748 1297 793; x_wconf 92' lang='lat' dir='ltr'>(vv.</span> <span class='ocrx_word' id='word_1_40' title='bbox 1319 749 1494 795; x_wconf 82' lang='lat'>849-852)</span> 
     </span>
    </p>
   </div>
   <div class='ocr_carea' id='block_1_4' title="bbox 342 867 1708 1784">
    <p class='ocr_par' dir='ltr' id='par_1_4' title="bbox 342 867 1708 1784">
     <span class='ocr_line' id='line_1_8' title="bbox 345 867 1703 934; baseline 0.003 -16"><span class='ocrx_word' id='word_1_41' title='bbox 345 872 515 934; x_wconf 90' lang='lat' dir='ltr'>utique</span> <span class='ocrx_word' id='word_1_42' title='bbox 573 882 818 934; x_wconf 88' lang='lat' dir='ltr'>quantum</span> <span class='ocrx_word' id='word_1_43' title='bbox 883 867 1278 920; x_wconf 78' lang='lat' dir='ltr'>conturbationis</span> <span class='ocrx_word' id='word_1_44' title='bbox 1348 883 1395 933; x_wconf 88' lang='lat' dir='ltr'>et</span> <span class='ocrx_word' id='word_1_45' title='bbox 1461 875 1703 922; x_wconf 90' lang='lat' dir='ltr'>cruciatus</span> 
     </span>
     <span class='ocr_line' id='line_1_9' title="bbox 344 947 1702 1014; baseline 0.003 -19"><span class='ocrx_word' id='word_1_46' title='bbox 344 947 531 995; x_wconf 89' lang='lat' dir='ltr'>malitia</span> <span class='ocrx_word' id='word_1_47' title='bbox 590 949 766 1004; x_wconf 86' lang='lat' dir='ltr'>foveat,</span> <span class='ocrx_word' id='word_1_48' title='bbox 813 964 896 1012; x_wconf 90' lang='lat' dir='ltr'>per</span> <span class='ocrx_word' id='word_1_49' title='bbox 951 948 1085 996; x_wconf 90' lang='lat' dir='ltr'>hunc</span> <span class='ocrx_word' id='word_1_50' title='bbox 1151 960 1346 1013; x_wconf 88' lang='lat' dir='ltr'>poetam</span> <span class='ocrx_word' id='word_1_51' title='bbox 1398 950 1702 1014; x_wconf 85' lang='lat' dir='ltr'>exploratum</span> 
     </span>
     <span class='ocr_line' id='line_1_10' title="bbox 346 1024 1704 1091; baseline 0.003 -19"><span class='ocrx_word' id='word_1_52' title='bbox 346 1024 599 1073; x_wconf 89' lang='lat' dir='ltr'>habemus.</span> <span class='ocrx_word' id='word_1_53' title='bbox 648 1026 838 1090; x_wconf 83' lang='lat' dir='ltr'>Integra</span> <span class='ocrx_word' id='word_1_54' title='bbox 884 1027 1034 1090; x_wconf 91' lang='lat' dir='ltr'>igitur</span> <span class='ocrx_word' id='word_1_55' title='bbox 1073 1026 1216 1074; x_wconf 86' lang='lat' dir='ltr'>nobis</span> <span class='ocrx_word' id='word_1_56' title='bbox 1253 1038 1325 1075; x_wconf 92' lang='lat' dir='ltr'>est</span> <span class='ocrx_word' id='word_1_57' title='bbox 1363 1028 1500 1091; x_wconf 91' lang='lat' dir='ltr'>optio</span> <span class='ocrx_word' id='word_1_58' title='bbox 1535 1039 1704 1076; x_wconf 91' lang='lat' dir='ltr'>utrum</span> 
     </span>
     <span class='ocr_line' id='line_1_11' title="bbox 342 1102 1703 1167; baseline 0.002 -18"><span class='ocrx_word' id='word_1_59' title='bbox 342 1103 537 1150; x_wconf 90' lang='lat' dir='ltr'>virtutis</span> <span class='ocrx_word' id='word_1_60' title='bbox 571 1118 791 1150; x_wconf 90' lang='lat' dir='ltr'>securam</span> <span class='ocrx_word' id='word_1_61' title='bbox 822 1102 1103 1150; x_wconf 81' lang='lat' dir='ltr'>felicitatem</span> <span class='ocrx_word' id='word_1_62' title='bbox 1141 1120 1477 1167; x_wconf 81' lang='lat' dir='ltr'>assequamur,</span> <span class='ocrx_word' id='word_1_63' title='bbox 1511 1121 1570 1152; x_wconf 91' lang='lat' dir='ltr'>an</span> <span class='ocrx_word' id='word_1_64' title='bbox 1597 1106 1703 1152; x_wconf 90' lang='lat' dir='ltr'>vitii</span> 
     </span>
     <span class='ocr_line' id='line_1_12' title="bbox 345 1165 1704 1245; baseline 0.002 -18"><span class='ocrx_word' id='word_1_65' title='bbox 345 1191 443 1227; x_wconf 90' lang='lat' dir='ltr'>tam</span> <span class='ocrx_word' id='word_1_66' title='bbox 481 1181 674 1227; x_wconf 82' lang='lat' dir='ltr'>anxiam</span> <span class='ocrx_word' id='word_1_67' title='bbox 708 1165 1083 1244; x_wconf 71' lang='lat' dir='ltr'>aegritudinem.</span> <span class='ocrx_word' id='word_1_68' title='bbox 1124 1181 1278 1235; x_wconf 86' lang='lat' dir='ltr'>Quod</span> <span class='ocrx_word' id='word_1_69' title='bbox 1317 1182 1356 1229; x_wconf 93' lang='lat' dir='ltr'>si</span> <span class='ocrx_word' id='word_1_70' title='bbox 1391 1181 1525 1245; x_wconf 91' lang='lat' dir='ltr'>quod</span> <span class='ocrx_word' id='word_1_71' title='bbox 1558 1198 1614 1230; x_wconf 86' lang='lat' dir='ltr'>ex</span> <span class='ocrx_word' id='word_1_72' title='bbox 1645 1198 1704 1230; x_wconf 92' lang='lat' dir='ltr'>eo</span> 
     </span>
     <span class='ocr_line' id='line_1_13' title="bbox 343 1257 1708 1321; baseline 0.002 -17"><span class='ocrx_word' id='word_1_73' title='bbox 343 1258 639 1305; x_wconf 89' lang='lat' dir='ltr'>vitiosorum</span> <span class='ocrx_word' id='word_1_74' title='bbox 668 1257 947 1321; x_wconf 89' lang='lat' dir='ltr'>spectaculo</span> <span class='ocrx_word' id='word_1_75' title='bbox 976 1269 1166 1306; x_wconf 88' lang='lat' dir='ltr'>certum</span> <span class='ocrx_word' id='word_1_76' title='bbox 1192 1257 1559 1306; x_wconf 87' lang='lat' dir='ltr'>documentum</span> <span class='ocrx_word' id='word_1_77' title='bbox 1585 1260 1708 1307; x_wconf 89' lang='lat' dir='ltr'>emi-</span> 
     </span>
     <span class='ocr_line' id='line_1_14' title="bbox 346 1333 1705 1400; baseline 0.002 -19"><span class='ocrx_word' id='word_1_78' title='bbox 346 1345 441 1390; x_wconf 91' lang='lat' dir='ltr'>net,</span> <span class='ocrx_word' id='word_1_79' title='bbox 465 1335 567 1398; x_wconf 92' lang='lat' dir='ltr'>ipsa</span> <span class='ocrx_word' id='word_1_80' title='bbox 606 1333 832 1398; x_wconf 84' lang='lat' dir='ltr'>depulsio</span> <span class='ocrx_word' id='word_1_81' title='bbox 872 1345 995 1382; x_wconf 90' lang='lat' dir='ltr'>certe</span> <span class='ocrx_word' id='word_1_82' title='bbox 1032 1345 1104 1382; x_wconf 92' lang='lat' dir='ltr'>est</span> <span class='ocrx_word' id='word_1_83' title='bbox 1147 1336 1256 1400; x_wconf 87' lang='lat' dir='ltr'>ejus</span> <span class='ocrx_word' id='word_1_84' title='bbox 1297 1337 1545 1384; x_wconf 89' lang='lat' dir='ltr'>servitutis</span> <span class='ocrx_word' id='word_1_85' title='bbox 1580 1353 1705 1400; x_wconf 87' lang='lat' dir='ltr'>quae</span> 
     </span>
     <span class='ocr_line' id='line_1_15' title="bbox 343 1411 1707 1477; baseline 0.002 -19"><span class='ocrx_word' id='word_1_86' title='bbox 343 1422 500 1459; x_wconf 91' lang='lat' dir='ltr'>totam</span> <span class='ocrx_word' id='word_1_87' title='bbox 537 1422 756 1459; x_wconf 89' lang='lat' dir='ltr'>mentem</span> <span class='ocrx_word' id='word_1_88' title='bbox 781 1423 968 1475; x_wconf 90' lang='lat' dir='ltr'>premat</span> <span class='ocrx_word' id='word_1_89' title='bbox 995 1423 1042 1460; x_wconf 93' lang='lat' dir='ltr'>et</span> <span class='ocrx_word' id='word_1_90' title='bbox 1066 1413 1219 1460; x_wconf 88' lang='lat' dir='ltr'>vitam</span> <span class='ocrx_word' id='word_1_91' title='bbox 1261 1411 1533 1461; x_wconf 86' lang='lat' dir='ltr'>humanam</span> <span class='ocrx_word' id='word_1_92' title='bbox 1560 1414 1707 1477; x_wconf 85' lang='lat' dir='ltr'>aegri·</span> 
     </span>
     <span class='ocr_line' id='line_1_16' title="bbox 344 1488 1705 1553; baseline 0.002 -17"><span class='ocrx_word' id='word_1_93' title='bbox 344 1488 516 1536; x_wconf 91' lang='lat' dir='ltr'>tudine</span> <span class='ocrx_word' id='word_1_94' title='bbox 547 1488 789 1536; x_wconf 90' lang='lat' dir='ltr'>conficiat.</span> <span class='ocrx_word' id='word_1_95' title='bbox 830 1489 983 1543; x_wconf 86' lang='lat' dir='ltr'>Quod</span> <span class='ocrx_word' id='word_1_96' title='bbox 1023 1490 1173 1553; x_wconf 90' lang='lat' dir='ltr'>igitur</span> <span class='ocrx_word' id='word_1_97' title='bbox 1202 1489 1260 1537; x_wconf 95' lang='lat' dir='ltr'>de</span> <span class='ocrx_word' id='word_1_98' title='bbox 1294 1491 1419 1537; x_wconf 92' lang='lat' dir='ltr'>vitio</span> <span class='ocrx_word' id='word_1_99' title='bbox 1453 1491 1705 1539; x_wconf 88' lang='lat' dir='ltr'>Lucretius</span> 
     </span>
     <span class='ocr_line' id='line_1_17' title="bbox 344 1565 1705 1631; baseline 0.001 -18"><span class='ocrx_word' id='word_1_100' title='bbox 344 1565 508 1613; x_wconf 91' lang='lat' dir='ltr'>attulit</span> <span class='ocrx_word' id='word_1_101' title='bbox 532 1582 692 1629; x_wconf 90' lang='lat' dir='ltr'>neque</span> <span class='ocrx_word' id='word_1_102' title='bbox 709 1565 823 1614; x_wconf 89' lang='lat' dir='ltr'>ullis</span> <span class='ocrx_word' id='word_1_103' title='bbox 838 1566 960 1614; x_wconf 89' lang='lat' dir='ltr'>forte</span> <span class='ocrx_word' id='word_1_104' title='bbox 976 1568 1279 1630; x_wconf 88' lang='lat' dir='ltr'>argumentis</span> <span class='ocrx_word' id='word_1_105' title='bbox 1302 1568 1417 1615; x_wconf 90' lang='lat' dir='ltr'>satis</span> <span class='ocrx_word' id='word_1_106' title='bbox 1436 1567 1493 1615; x_wconf 86' lang='lat' dir='ltr'>ad</span> <span class='ocrx_word' id='word_1_107' title='bbox 1516 1583 1705 1631; x_wconf 91' lang='lat' dir='ltr'>persua-</span> 
     </span>
     <span class='ocr_line' id='line_1_18' title="bbox 346 1642 1704 1709; baseline 0.001 -19"><span class='ocrx_word' id='word_1_108' title='bbox 346 1642 566 1691; x_wconf 92' lang='lat' dir='ltr'>dendum</span> <span class='ocrx_word' id='word_1_109' title='bbox 594 1644 718 1707; x_wconf 89' lang='lat' dir='ltr'>aptis</span> <span class='ocrx_word' id='word_1_110' title='bbox 744 1643 1089 1703; x_wconf 56' lang='lat' dir='ltr'>confirmavit„</span> <span class='ocrx_word' id='word_1_111' title='bbox 1114 1643 1162 1691; x_wconf 91' lang='lat' dir='ltr'>id</span> <span class='ocrx_word' id='word_1_112' title='bbox 1200 1645 1434 1693; x_wconf 90' lang='lat' dir='ltr'>Racinius</span> <span class='ocrx_word' id='word_1_113' title='bbox 1470 1643 1704 1709; x_wconf 83' lang='lat' dir='ltr'>exemplis</span> 
     </span>
     <span class='ocr_line' id='line_1_19' title="bbox 346 1720 1398 1784; baseline 0 -16"><span class='ocrx_word' id='word_1_114' title='bbox 346 1721 666 1768; x_wconf 89' lang='lat' dir='ltr'>manifestum</span> <span class='ocrx_word' id='word_1_115' title='bbox 692 1721 805 1768; x_wconf 89' lang='lat' dir='ltr'>facit</span> <span class='ocrx_word' id='word_1_116' title='bbox 827 1738 834 1767; x_wconf 93' lang='lat'><strong>:</strong></span> <span class='ocrx_word' id='word_1_117' title='bbox 863 1721 985 1768; x_wconf 78' lang='lat' dir='ltr'>Hinc</span> <span class='ocrx_word' id='word_1_118' title='bbox 1005 1721 1154 1783; x_wconf 88' lang='lat' dir='ltr'>(vitio</span> <span class='ocrx_word' id='word_1_119' title='bbox 1176 1720 1398 1784; x_wconf 86' lang='lat' dir='ltr'>scilicet),</span> 
     </span>
    </p>
   </div>
   <div class='ocr_carea' id='block_1_5' title="bbox 521 1833 1526 1888">
    <p class='ocr_par' dir='ltr' id='par_1_5' title="bbox 521 1833 1526 1888">
     <span class='ocr_line' id='line_1_20' title="bbox 521 1833 1526 1888; baseline 0.001 -16"><span class='ocrx_word' id='word_1_120' title='bbox 521 1833 627 1873; x_wconf 91' lang='lat' dir='ltr'>Hinc</span> <span class='ocrx_word' id='word_1_121' title='bbox 650 1833 869 1872; x_wconf 89' lang='lat' dir='ltr'>Acherusia</span> <span class='ocrx_word' id='word_1_122' title='bbox 895 1833 939 1873; x_wconf 88' lang='lat' dir='ltr'>fit</span> <span class='ocrx_word' id='word_1_123' title='bbox 963 1833 1176 1873; x_wconf 90' lang='lat' dir='ltr'>stultorum</span> <span class='ocrx_word' id='word_1_124' title='bbox 1202 1833 1372 1888; x_wconf 89' lang='lat' dir='ltr'>denique</span> <span class='ocrx_word' id='word_1_125' title='bbox 1397 1834 1476 1874; x_wconf 87' lang='lat' dir='ltr'>vita</span> <span class='ocrx_word' id='word_1_126' title='bbox 1498 1840 1526 1873; x_wconf 85' lang='lat'>¹.</span> 
     </span>
    </p>
   </div>
   <div class='ocr_carea' id='block_1_6' title="bbox 345 1952 1759 2631">
    <p class='ocr_par' dir='ltr' id='par_1_6' title="bbox 345 1952 1759 2631">
     <span class='ocr_line' id='line_1_21' title="bbox 411 1952 1703 2000; baseline 0.001 -1"><span class='ocrx_word' id='word_1_127' title='bbox 411 1952 542 2000; x_wconf 92' lang='lat' dir='ltr'>Bene</span> <span class='ocrx_word' id='word_1_128' title='bbox 581 1963 746 2000; x_wconf 88' lang='lat' dir='ltr'>autem</span> <span class='ocrx_word' id='word_1_129' title='bbox 782 1953 956 2000; x_wconf 88' lang='lat' dir='ltr'>morati</span> <span class='ocrx_word' id='word_1_130' title='bbox 989 1980 1056 1988; x_wconf 91' lang='lat'>—</span> <span class='ocrx_word' id='word_1_131' title='bbox 1092 1969 1193 2000; x_wconf 90' lang='lat' dir='ltr'>non</span> <span class='ocrx_word' id='word_1_132' title='bbox 1235 1953 1446 2000; x_wconf 93' lang='lat' dir='ltr'>omnino</span> <span class='ocrx_word' id='word_1_133' title='bbox 1478 1953 1612 2000; x_wconf 90' lang='lat' dir='ltr'>enim</span> <span class='ocrx_word' id='word_1_134' title='bbox 1653 1953 1703 2000; x_wconf 90' lang='lat' dir='ltr'>in</span> 
     </span>
     <span class='ocr_line' id='line_1_22' title="bbox 345 2029 1706 2094; baseline 0 -16"><span class='ocrx_word' id='word_1_135' title='bbox 345 2030 532 2078; x_wconf 90' lang='lat' dir='ltr'>Racinii</span> <span class='ocrx_word' id='word_1_136' title='bbox 578 2029 842 2093; x_wconf 87' lang='lat' dir='ltr'>tragoediis</span> <span class='ocrx_word' id='word_1_137' title='bbox 870 2029 1101 2077; x_wconf 89' lang='lat' dir='ltr'>homines</span> <span class='ocrx_word' id='word_1_138' title='bbox 1140 2029 1321 2077; x_wconf 91' lang='lat' dir='ltr'>desunt</span> <span class='ocrx_word' id='word_1_139' title='bbox 1357 2031 1537 2078; x_wconf 87' lang='lat' dir='ltr'>virtute</span> <span class='ocrx_word' id='word_1_140' title='bbox 1577 2045 1706 2094; x_wconf 89' lang='lat' dir='ltr'>prae·</span> 
     </span>
     <span class='ocr_line' id='line_1_23' title="bbox 345 2106 1705 2171; baseline 0.001 -18"><span class='ocrx_word' id='word_1_141' title='bbox 345 2106 449 2163; x_wconf 86' lang='lat' dir='ltr'>diti,</span> <span class='ocrx_word' id='word_1_142' title='bbox 479 2134 545 2141; x_wconf 97' lang='lat'><strong>—</strong></span> <span class='ocrx_word' id='word_1_143' title='bbox 568 2106 625 2153; x_wconf 90' lang='lat' dir='ltr'>ad</span> <span class='ocrx_word' id='word_1_144' title='bbox 654 2107 773 2154; x_wconf 93' lang='lat' dir='ltr'>boni</span> <span class='ocrx_word' id='word_1_145' title='bbox 801 2108 1171 2170; x_wconf 88' lang='lat' dir='ltr'>persuasionem</span> <span class='ocrx_word' id='word_1_146' title='bbox 1207 2123 1399 2171; x_wconf 91' lang='lat' dir='ltr'>semper</span> <span class='ocrx_word' id='word_1_147' title='bbox 1424 2123 1705 2154; x_wconf 90' lang='lat' dir='ltr'>accommo-</span> 
     </span>
     <span class='ocr_line' id='line_1_24' title="bbox 346 2183 1705 2248; baseline 0.001 -18"><span class='ocrx_word' id='word_1_148' title='bbox 346 2183 454 2230; x_wconf 90' lang='lat' dir='ltr'>date</span> <span class='ocrx_word' id='word_1_149' title='bbox 483 2195 529 2230; x_wconf 92' lang='lat' dir='ltr'>et</span> <span class='ocrx_word' id='word_1_150' title='bbox 561 2183 733 2231; x_wconf 93' lang='lat' dir='ltr'>dicunt</span> <span class='ocrx_word' id='word_1_151' title='bbox 764 2194 811 2231; x_wconf 92' lang='lat' dir='ltr'>et</span> <span class='ocrx_word' id='word_1_152' title='bbox 837 2183 1038 2231; x_wconf 89' lang='lat' dir='ltr'>faciunt.</span> <span class='ocrx_word' id='word_1_153' title='bbox 1070 2184 1184 2231; x_wconf 91' lang='lat' dir='ltr'>Non</span> <span class='ocrx_word' id='word_1_154' title='bbox 1219 2183 1298 2231; x_wconf 92' lang='lat' dir='ltr'>hic</span> <span class='ocrx_word' id='word_1_155' title='bbox 1326 2184 1544 2248; x_wconf 91' lang='lat' dir='ltr'>profecto</span> <span class='ocrx_word' id='word_1_156' title='bbox 1575 2185 1705 2231; x_wconf 88' lang='lat' dir='ltr'>inve-</span> 
     </span>
     <span class='ocr_line' id='line_1_25' title="bbox 348 2260 1701 2308; baseline 0.001 -1"><span class='ocrx_word' id='word_1_157' title='bbox 348 2261 515 2308; x_wconf 90' lang='lat' dir='ltr'>nimus</span> <span class='ocrx_word' id='word_1_158' title='bbox 567 2260 902 2308; x_wconf 90' lang='lat' dir='ltr'>incredibilem</span> <span class='ocrx_word' id='word_1_159' title='bbox 955 2260 1092 2308; x_wconf 91' lang='lat' dir='ltr'>illam</span> <span class='ocrx_word' id='word_1_160' title='bbox 1151 2261 1303 2308; x_wconf 91' lang='lat' dir='ltr'>animi</span> <span class='ocrx_word' id='word_1_161' title='bbox 1355 2260 1701 2308; x_wconf 89' lang='lat' dir='ltr'>fortitudinem</span> 
     </span>
     <span class='ocr_line' id='line_1_26' title="bbox 347 2337 1701 2402; baseline 0.001 -18"><span class='ocrx_word' id='word_1_162' title='bbox 347 2354 443 2400; x_wconf 86' lang='lat' dir='ltr'>qua</span> <span class='ocrx_word' id='word_1_163' title='bbox 483 2337 766 2385; x_wconf 86' lang='lat' dir='ltr'>Corneliani</span> <span class='ocrx_word' id='word_1_164' title='bbox 814 2337 986 2385; x_wconf 90' lang='lat' dir='ltr'>heroes</span> <span class='ocrx_word' id='word_1_165' title='bbox 1029 2337 1234 2402; x_wconf 89' lang='lat' dir='ltr'>superbe</span> <span class='ocrx_word' id='word_1_166' title='bbox 1278 2337 1562 2402; x_wconf 86' lang='lat' dir='ltr'>gloriantur.</span> <span class='ocrx_word' id='word_1_167' title='bbox 1610 2337 1701 2386; x_wconf 90' lang='lat' dir='ltr'>Sed</span> 
     </span>
     <span class='ocr_line' id='line_1_27' title="bbox 349 2414 1703 2479; baseline 0.001 -18"><span class='ocrx_word' id='word_1_168' title='bbox 349 2416 514 2462; x_wconf 90' lang='lat' dir='ltr'>nescio</span> <span class='ocrx_word' id='word_1_169' title='bbox 548 2431 607 2461; x_wconf 90' lang='lat' dir='ltr'>an</span> <span class='ocrx_word' id='word_1_170' title='bbox 639 2416 869 2463; x_wconf 89' lang='lat' dir='ltr'>Racinius</span> <span class='ocrx_word' id='word_1_171' title='bbox 905 2415 1049 2463; x_wconf 91' lang='lat' dir='ltr'>nobis</span> <span class='ocrx_word' id='word_1_172' title='bbox 1077 2414 1367 2479; x_wconf 84' lang='lat' dir='ltr'>exemplaria</span> <span class='ocrx_word' id='word_1_173' title='bbox 1395 2416 1703 2478; x_wconf 88' lang='lat' dir='ltr'>proposuerit</span> 
     </span>
     <span class='ocr_line' id='line_1_28' title="bbox 348 2489 1759 2556; baseline 0 -17"><span class='ocrx_word' id='word_1_174' title='bbox 348 2508 463 2539; x_wconf 92' lang='lat' dir='ltr'>cum</span> <span class='ocrx_word' id='word_1_175' title='bbox 509 2493 703 2539; x_wconf 87' lang='lat' dir='ltr'>imitatu</span> <span class='ocrx_word' id='word_1_176' title='bbox 757 2491 988 2548; x_wconf 83' lang='lat' dir='ltr'>faciliora,</span> <span class='ocrx_word' id='word_1_177' title='bbox 1029 2503 1137 2539; x_wconf 90' lang='lat' dir='ltr'>turn</span> <span class='ocrx_word' id='word_1_178' title='bbox 1190 2508 1291 2539; x_wconf 91' lang='lat' dir='ltr'>non</span> <span class='ocrx_word' id='word_1_179' title='bbox 1343 2489 1510 2539; x_wconf 86' lang='lat' dir='ltr'>minus</span> <span class='ocrx_word' id='word_1_180' title='bbox 1554 2491 1702 2556; x_wconf 88' lang='lat' dir='ltr'>digna</span> <span class='ocrx_word' id='word_1_181' title='bbox 1754 2544 1759 2549; x_wconf 53' lang='grc'><strong>,</strong></span> 
     </span>
     <span class='ocr_line' id='line_1_29' title="bbox 349 2568 1702 2631; baseline 0.001 -16"><span class='ocrx_word' id='word_1_182' title='bbox 349 2585 472 2631; x_wconf 87' lang='lat' dir='ltr'>quae</span> <span class='ocrx_word' id='word_1_183' title='bbox 510 2569 827 2617; x_wconf 87' lang='lat' dir='ltr'>imitaremur.</span> <span class='ocrx_word' id='word_1_184' title='bbox 869 2569 1130 2623; x_wconf 90' lang='lat' dir='ltr'>Quaenam</span> <span class='ocrx_word' id='word_1_185' title='bbox 1163 2569 1239 2617; x_wconf 87' lang='lat' dir='ltr'>vel</span> <span class='ocrx_word' id='word_1_186' title='bbox 1269 2585 1391 2617; x_wconf 86' lang='lat' dir='ltr'>uxor</span> <span class='ocrx_word' id='word_1_187' title='bbox 1424 2568 1482 2616; x_wconf 91' lang='lat' dir='ltr'>ad</span> <span class='ocrx_word' id='word_1_188' title='bbox 1508 2568 1702 2616; x_wconf 92' lang='lat' dir='ltr'>Andro-</span> 
     </span>
    </p>
   </div>
   <div class='ocr_carea' id='block_1_7' title="bbox 406 2687 632 2727">
    <p class='ocr_par' dir='ltr' id='par_1_7' title="bbox 406 2687 632 2727">
     <span class='ocr_line' id='line_1_30' title="bbox 406 2687 632 2727; baseline 0.004 -2"><span class='ocrx_word' id='word_1_189' title='bbox 406 2699 438 2726; x_wconf 94' lang='lat'>1.</span> <span class='ocrx_word' id='word_1_190' title='bbox 478 2687 632 2727; x_wconf 88' lang='lat' dir='ltr'>Lucret.</span> 
     </span>
    </p>
   </div>
  </div>
 </body>
</html>
