1930 3294
257 332 460 382 Racinio
510 332 775 396 quamdam
827 349 1027 380 suasura
1078 333 1176 380 sint
1227 333 1602 398 indulgentiam.

255 406 383 457 Nam
398 409 823 473 quemadmodum
840 410 946 474 ejus
962 425 1195 473 personae
1219 430 1242 454 «
1272 426 1371 457 non
1394 411 1605 458 omnino

257 485 416 534 bonae
449 497 567 534 sunt
599 505 640 541 »,
671 487 753 542 sic,
784 498 837 533 ut
865 487 966 549 ipse
993 486 1264 542 declaravit,
1299 507 1322 532 c<
1348 503 1449 534 non
1478 503 1607 551 pror-

255 578 341 611 sus
370 562 523 610 malae
553 569 746 611 sunt¹».
775 563 980 610 Peccant
1007 564 1157 619 enim,
1177 563 1275 619 sed,
1299 575 1353 611 ut
1381 565 1445 611 ita
1470 564 1603 627 (cum

254 639 481 702 Horatio)
518 639 692 695 dicam,
725 656 915 703 peccare
949 639 1172 687 oderunt.
1210 640 1454 687 Praeterea
1489 656 1603 687 vero

196 731 204 738 ¹
256 717 503 779 nequitiae
542 732 657 764 suae
689 717 997 780 gravissimas
1034 732 1216 780 poenas
1254 716 1312 764 ad
1352 733 1603 764 summam

194 834 203 839 -
254 808 431 840 omnes
470 792 758 856 rependunt,
801 821 861 828 —
902 809 1052 856 quam
1092 794 1350 856 aequitatis
1395 793 1605 857 largitio·

254 885 370 918 nem
434 869 565 917 haud
620 869 754 917 ullus
802 869 924 917 forte
982 869 1351 917 comoediarum
1402 871 1605 934 scriptor

176 987 188 991 „
255 945 435 994 melius
483 962 705 1010 unquam
745 946 971 1010 providit.
1010 975 1077 982 —
1115 946 1223 1003 Sed,
1269 946 1403 1010 quod
1447 948 1602 1011 magis

254 1034 419 1092 nostra
463 1023 617 1079 refert,
661 1039 744 1087 per
784 1034 1103 1087 spectatorem
1145 1040 1305 1071 unum
1347 1034 1440 1071 stat
1483 1040 1603 1087 quo-

253 1100 423 1148 minus
473 1099 547 1148 vel
606 1101 654 1147 in
704 1099 799 1147 hoc
850 1099 1037 1149 theatro
1087 1111 1162 1147 tot
1207 1101 1337 1148 vitiis
1383 1100 1600 1148 admixto

254 1176 521 1240 quamdam
542 1177 735 1224 virtutis
755 1176 1067 1240 disciplinam
1093 1178 1195 1240 ipse
1222 1178 1437 1241 reperiat.

315 1254 431 1301 Non
483 1253 648 1301 solum
698 1254 832 1301 enim
881 1254 1060 1301 vitium
1109 1253 1175 1301 ibi
1225 1270 1325 1301 non
1373 1253 1603 1302 laudibus

253 1327 455 1378 ornatur
471 1347 631 1394 neque
650 1331 788 1394 signa
808 1330 1164 1378 conturbantur
1182 1330 1365 1394 quibus
1385 1347 1412 1378 a
1424 1332 1603 1379 virtute

253 1408 409 1472 possit
451 1407 674 1461 discerni,
715 1407 798 1455 sed
841 1408 988 1455 etiam
1024 1408 1120 1455 fere
1165 1407 1418 1455 lacessitur
1461 1419 1508 1455 et
1548 1425 1603 1456 ea

220 1496 221 1500 ’
252 1483 485 1532 dolorum
506 1485 838 1547 omniumque
853 1484 1170 1532 acerbitatum
1194 1495 1393 1532 vexatur
1414 1495 1601 1532 caterva

254 1572 311 1609 ut
331 1572 567 1624 quantam
595 1561 976 1608 misericordiam
1005 1572 1198 1608 tantum
1228 1561 1370 1609 nobis
1392 1562 1603 1609 incutiat

252 1637 443 1685 odium.
478 1638 582 1685 Hoc
610 1639 743 1684 enim
775 1639 825 1684 in
854 1638 1025 1701 primis
1052 1638 1178 1685 inter
1205 1654 1289 1685 eos
1319 1654 1446 1701 quos
1471 1638 1599 1702 apud

253 1713 542 1769 Cornelium
592 1714 1004 1778 Quinaldumque
1052 1725 1136 1762 aut
1173 1714 1301 1778 apud
1342 1716 1600 1763 Racinium

254 1791 507 1839 intuemur
547 1792 753 1838 vitiosos
799 1791 1029 1838 homines
1084 1792 1295 1847 interest,
1350 1792 1484 1855 quod
1529 1791 1599 1839 illi

253 1867 442 1916 nullius
479 1867 650 1932 culpae
698 1869 880 1915 conscii
927 1879 1057 1922 sunt,
1100 1869 1246 1915 etiam
1283 1869 1333 1915 in
1370 1870 1600 1932 pravitate

253 1944 491 2009 praeclara
549 1956 888 1992 sustentantur
937 1946 1235 1992 conscientia
1254 1951 1286 2001 ²,
1338 1961 1453 1992 cum
1507 1945 1600 1994 hos

251 2037 443 2086 semper
476 2021 655 2085 aliquis
686 2022 883 2085 penitus
913 2032 1100 2085 pungat
1130 2021 1283 2069 dolor.
1315 2022 1429 2069 Non
1453 2023 1601 2070 omit—

251 2108 365 2146 tunt
410 2114 524 2146 vero
574 2110 791 2146 mentem
845 2114 986 2145 suam
1034 2098 1266 2161 explicare
1314 2098 1601 2147 sollicitudi-

252 2191 468 2239 nemque
512 2176 666 2222 animi
715 2176 959 2238 impertire
1011 2174 1168 2223 nobis.
1216 2175 1327 2222 Sive
1373 2175 1503 2223 Nero
1541 2175 1600 2223 de

251 2251 443 2300 Burrho
470 2251 680 2315 loquens
702 2268 757 2299 ea
784 2251 1068 2315 profitetur:

426 2382 471 2431 Je
494 2394 544 2420 ne
564 2380 732 2420 l'ecoute
749 2381 863 2434 point
882 2393 975 2420 avec
996 2394 1049 2420 un
1071 2393 1183 2420 coeur
1199 2380 1424 2434 tranquille,

1133 2464 1184 2509 (v.
1211 2462 1317 2508 1460)

311 2605 345 2633 1.
376 2594 426 2632 V.
449 2592 653 2641 Androm„
678 2592 743 2632 loc.
763 2592 823 2631 cit.

315 2664 352 2692 2.
384 2654 432 2692 V.
458 2666 591 2706 supra,
612 2662 696 2690 not.
722 2663 760 2698 2,
778 2665 866 2704 pag.
897 2665 959 2702 39.
