1930 3294
227 223 274 277 3
814 250 1023 294 „9-

244 347 341 406 hoc
366 365 567 413 quoque
594 347 861 396 hominum
889 364 1078 412 genere,
1101 349 1280 412 primas
1307 348 1396 396 fert
1422 350 1507 412 qui

580 503 660 513 .....
666 473 787 526 juvat,
809 482 877 512 aut
894 471 1064 526 impellit
1082 472 1129 512 ad
1152 473 1264 521 iram,

378 539 458 577 Aut
474 537 522 578 ad
544 537 712 577 humum
731 550 907 577 maerore
933 538 1040 591 gravi
1064 537 1224 577 deducit
1243 547 1283 577 et
1301 538 1410 591 angit
1423 547 1451 578 ¹.

309 656 452 713 Nam,
478 672 525 704 re
551 673 675 712 vera,
705 672 861 719 usque
886 655 1006 704 adeo
1035 657 1083 703 in
1114 672 1205 704 nos
1234 655 1440 704 callidus
1462 667 1594 704 actor

241 732 543 788 dominatur,
590 745 643 781 ut
686 753 708 778 «
753 730 1074 796 quocumque
1103 733 1329 788 voluerit,
1366 734 1591 781 animum

242 809 480 858 auditoris
506 822 615 874 agat
631 829 672 856 ».
700 810 841 864 Quae
858 821 1070 874 potestas
1084 827 1199 858 vero
1214 821 1348 858 tanta
1363 827 1589 874 unquam

186 918 192 919 ff
240 886 337 935 suit
364 885 454 934 ulli
489 885 685 934 homini
728 889 990 935 concessa?
1015 888 1081 935 At
1113 888 1254 952 cujus
1290 886 1511 955 hominis
1540 888 1589 934 in

238 963 392 1012 fidem
418 980 470 1011 ac
507 974 798 1028 potestatem
828 980 919 1012 nos
961 965 1029 1012 sic
1074 963 1246 1012 dedere
1285 965 1594 1012 annuimus?

239 1041 357 1106 Ejus
384 1056 562 1105 nempe
579 1040 708 1104 apud
739 1057 887 1104 quem
915 1040 1039 1088 nihil
1066 1057 1253 1096 verum,
1277 1040 1417 1096 nihil,
1442 1052 1495 1088 ut
1529 1042 1592 1089 ita

240 1116 416 1173 dicam,
467 1118 721 1182 proprium
773 1134 825 1165 ac
874 1117 1112 1181 peculiare
1153 1119 1415 1166 invenitur.
1464 1118 1591 1166 Nam

196 1189 436 1243 *necesse
462 1205 533 1242 est
560 1205 614 1242 ut
643 1206 873 1259 perpetua
899 1196 1125 1251 imitatio,
1159 1211 1273 1242 cum
1310 1196 1590 1259 praesertim

208 1309 212 1312 .
238 1280 272 1319 a'
284 1272 463 1319 teneris
482 1271 766 1335 unguiculis
783 1273 1007 1319 instituta
1028 1273 1104 1328 sit,
1128 1271 1273 1319 altera
1294 1272 1378 1319 fiat
1403 1283 1588 1328 natura,

239 1349 381 1412 isque
408 1347 552 1396 nihili
573 1347 727 1395 homo
755 1349 831 1404 sit,
874 1350 959 1412 qui
995 1350 1211 1397 vicissim
1249 1365 1424 1396 omnes
1465 1349 1591 1397 ludit

237 1436 286 1474 et
321 1425 538 1473 simulat.
589 1425 709 1481 Qui,
759 1427 903 1473 sirex
945 1442 998 1473 ea
1034 1438 1266 1490 perpetua
1311 1427 1591 1474 imitatione

235 1500 426 1566 aliquid
459 1503 712 1570 proprium
746 1504 1081 1566 consequitur,
1124 1503 1240 1550 vitia
1271 1519 1386 1550 sane
1423 1504 1591 1567 recipit

238 1579 287 1626 in
316 1578 500 1642 quibus
522 1578 774 1627 imitandis
791 1579 1034 1643 impendit
1060 1596 1257 1643 operam
1275 1586 1305 1626 ².
1330 1580 1408 1627 Sic
1437 1581 1592 1644 igitur

237 1671 352 1704 cum
384 1657 533 1703 servis
561 1657 700 1712 servi,
722 1672 837 1704 cum
863 1657 1054 1704 vitiosis
1080 1657 1246 1704 vitiosi
1274 1656 1488 1704 evadunt
1507 1663 1535 1704 ³.

234 1790 313 1841 t-il,
335 1791 425 1831 sice
442 1791 544 1831 n’est
559 1791 656 1830 dans
673 1791 709 1830 le
729 1791 847 1840 froid,
864 1792 961 1831 dans
975 1791 1231 1846 l'ennuyeux,
1247 1792 1344 1832 dans
1362 1791 1397 1832 le
1409 1792 1589 1841 ridicule,

235 1850 348 1890 selon
369 1850 424 1889 les
445 1849 572 1903 regles
588 1851 657 1890 des
675 1852 831 1892 maitres
847 1851 896 1890 de
916 1850 1029 1890 l'art?
1051 1867 1071 1888 >2
1085 1850 1283 1897 Maximes,
1308 1853 1374 1891 IV.

290 1922 325 1948 1.
359 1910 518 1957 Horat„
543 1909 593 1948 ad
613 1909 757 1959 Pison„
782 1924 848 1950 vv.
874 1923 1061 1961 109-110.

288 1981 326 2008 2.
359 1984 380 2005 α
400 1968 508 2015 Quel
537 1978 594 2008 est
615 1969 736 2017 donc,
769 1983 817 2008 au
855 1969 967 2017 fond,
1001 1969 1149 2023 l'esprit
1184 1982 1261 2023 que
1299 1969 1337 2008 le
1378 1969 1587 2009 comedien

236 2027 362 2076 recoit
380 2027 430 2067 de
453 2041 526 2067 son
547 2029 655 2067 e'tat?
673 2029 739 2068 Un
769 2028 947 2082 melange
969 2029 1017 2068 de
1051 2028 1239 2074 bassesse‚
1263 2029 1310 2068 de
1333 2028 1518 2078 faussete‚
1541 2029 1590 2068 de

162 2130 167 2132 ,
238 2086 403 2126 ridicule
422 2087 575 2140 orgueil
599 2097 636 2126 et
656 2086 862 2141 d'indigne
882 2087 1166 2136 avilissement‚
1188 2088 1256 2141 qui
1273 2088 1309 2127 le
1329 2088 1426 2127 rend
1444 2101 1589 2141 propre

235 2146 259 2184 a
280 2155 411 2186 toutes
431 2155 556 2186 sortes
585 2146 633 2185 de
656 2159 940 2200 personnageS‚
971 2148 1064 2186 hors
1088 2147 1123 2186 le
1144 2147 1234 2200 plus
1254 2146 1375 2186 noble
1405 2147 1452 2186 de
1480 2158 1587 2194 tous,
1655 2201 1660 2204 Β

233 2204 336 2244 celui
376 2204 597 2254 d’homme,
644 2205 740 2259 qu'il
782 2205 1034 2245 abandonne.
1080 2223 1096 2241 n
1146 2207 1364 2254 Rousseau,
1409 2207 1530 2245 Lettre
1566 2207 1589 2245 ὰ

195 2302 202 2307 .
231 2262 477 2303 d'Alembert.

289 2335 325 2373 3.
355 2323 456 2362 Vide
472 2323 646 2363 Platonis
666 2323 776 2362 locos
791 2337 812 2362 a
832 2324 1022 2376 scriptore
1040 2323 1236 2373 laudatos,
1258 2323 1454 2371 Maxima,
1477 2324 1585 2364 XIV.

233 2378 299 2421 Cf.
327 2382 432 2435 apud
454 2381 603 2430 Pascal,
623 2382 725 2421 Disc.
753 2384 855 2421 Pass.
875 2384 967 2422 Am.
992 2396 1004 2422 .·
1031 2399 1051 2419 α
1077 2382 1175 2422 L’on
1215 2395 1264 2422 ne
1285 2392 1381 2436 peut
1419 2395 1588 2436 presque

234 2439 329 2480 faire
358 2440 553 2480 semblant
583 2440 746 2480 d'aimer
777 2454 854 2495 que
893 2441 975 2480 l’on
1012 2454 1062 2480 ne
1103 2443 1180 2481 soit
1216 2441 1310 2481 bien
1345 2442 1433 2495 pres
1468 2441 1588 2481 d’etre

232 2509 367 2539 amant
371 2531 450 2539 .....
474 2516 493 2536 r>
519 2499 581 2540 Cf.
612 2516 631 2536 α
654 2500 730 2539 Ces
750 2501 934 2539 hommes
955 2501 986 2539 si
1006 2500 1098 2540 bien
1125 2501 1251 2554 pares,
1271 2501 1301 2539 si
1319 2500 1410 2540 bien
1431 2501 1588 2539 exerces

231 2571 281 2598 au
304 2568 375 2598 ton
395 2559 444 2598 de
464 2559 501 2598 la
515 2559 730 2612 galanterie
750 2568 788 2598 et
806 2573 880 2599 aux
902 2570 1059 2599 accents
1078 2560 1126 2599 de
1147 2560 1183 2599 la
1203 2560 1378 2614 passion,
1408 2560 1588 2599 n'abuse·

232 2617 390 2656 ront-ils
403 2619 538 2671 jamais
549 2618 597 2657 de
608 2627 669 2657 cet
682 2628 740 2657 art
753 2631 855 2671 pour
866 2619 1019 2658 seduire
1031 2619 1080 2658 de
1096 2620 1232 2672 jeunes
1244 2630 1459 2672 personnes
1473 2621 1503 2658 ?.
1513 2649 1521 2658 .
1531 2650 1539 2658 .
1565 2635 1585 2655 n

233 2677 450 2725 Rousseau,
474 2679 596 2717 Lettre
614 2678 638 2716 ἁ
653 2675 892 2716 d‘Alembert.
