1930 3294
844 266 1079 320 -75-

277 377 444 422 animo
502 386 646 438 atque
709 375 997 423 Bossuetius
1048 375 1257 423 Ecclesia
1315 375 1626 440 judicavisset

279 463 324 499 et
360 469 446 516 pro
484 454 547 499 ita
581 453 798 499 exitiosis
833 453 1098 515 putavisset
1135 454 1352 516 optimos
1389 464 1625 503 nostrates

278 529 449 576 theatri
491 541 670 592 poetas,
710 528 1041 593 prohibuisset
1085 529 1405 586 Christianos,
1456 546 1626 594 propo-

280 607 385 653 sitis
413 623 560 669 quam
590 607 908 654 severissimis
936 607 1123 670 poenis,
1147 606 1392 654 theatrum
1422 607 1622 671 ingredi.

281 683 432 737 Quod
466 685 504 731 si
541 700 640 730 non
677 683 944 747 prohibuit,
975 685 1078 731 sine
1111 683 1264 731 dubio
1292 683 1464 732 habuit
1490 684 1623 748 quod

279 760 467 808 theatro
498 772 720 824 parceret.
758 761 912 825 Cujus
941 762 1004 808 rei
1040 760 1165 808 hanc
1197 777 1394 808 causam
1422 761 1627 809 Bossue-

279 839 377 885 tius
418 837 637 893 reddidit,
675 837 808 901 quod
853 858 874 883 «
915 839 1139 885 severitas
1180 837 1440 886 exercenda
1476 849 1548 886 est
1574 839 1623 886 in

280 926 469 979 peccata
506 923 811 979 paucorum¹
859 935 898 962 n.
940 916 1037 966 Ista
1075 933 1190 963 vero
1230 917 1415 962 ratione
1456 914 1627 964 multis

279 992 607 1056 gravibusque
639 994 844 1056 peccatis
871 993 1073 1041 debetur
1101 992 1435 1057 indulgentia;
1468 1009 1627 1056 neque

280 1086 569 1133 persuasum
608 1070 764 1118 habeo
797 1087 978 1134 paucos
1014 1069 1365 1118 tantummodo
1401 1069 1629 1118 Christia-

280 1164 370 1194 nos
428 1149 477 1194 in
531 1147 863 1211 spectaculum
924 1149 1102 1196 venire.
1167 1147 1407 1210 Equidem
1463 1147 1627 1211 potius

280 1225 656 1272 existimaverim
722 1224 999 1281 Ecclesiam,
1062 1224 1367 1288 temporibus
1432 1225 1624 1281 nostris,

280 1303 552 1365 quominus
597 1301 894 1350 fulminibus
933 1302 1180 1350 theatrum
1218 1301 1480 1349 aboleverit
1517 1300 1626 1349 ideo

281 1380 576 1427 abstinuisse
631 1379 766 1443 quod
817 1379 1005 1427 malum
1052 1379 1118 1427 ibi
1168 1379 1336 1442 aliquo
1384 1379 1517 1427 bono
1567 1379 1628 1426 sit

280 1457 573 1512 admixtum,
597 1456 731 1520 quod
752 1456 1019 1511 Quinaldis
1036 1458 1142 1505 istis
1169 1457 1387 1520 proxime
1409 1455 1627 1521 adjuncti

281 1536 381 1582 sint
415 1546 461 1582 et
492 1534 684 1582 Molerii
714 1546 760 1582 et
791 1536 1045 1598 praecipue
1075 1535 1262 1583 Racinii
1294 1533 1626 1596 Corneliique,

280 1613 365 1676 qui
392 1612 608 1675 quidem,
641 1613 679 1659 si
705 1612 859 1660 dicere
884 1613 954 1660 fas
981 1623 1066 1668 est,
1094 1622 1210 1659 sunt
1235 1611 1451 1674 quodam
1478 1610 1628 1659 modo

282 1688 350 1737 sal
378 1689 566 1736 theatri.

347 1844 498 1898 Quod
527 1845 566 1891 si
596 1844 885 1892 Bossuetius
920 1860 1017 1891 non
1058 1843 1266 1890 modum
1297 1843 1508 1890 omnino
1539 1858 1628 1890 ser-

280 1923 410 1968 vavit
426 1920 787 1985 paululumque
806 1938 831 1968 a
850 1921 1009 1968 media
1031 1921 1296 1968 severitatis
1319 1921 1396 1966 via
1417 1919 1625 1975 deflexit,

281 2015 424 2046 causa
440 2000 692 2063 perspicua
708 2010 792 2046 est.
810 1999 936 2045 Nam
954 1997 1397 2062 quemadmodum,
1415 2007 1470 2044 ut
1484 2013 1627 2060 supra

281 2076 627 2132 demonstravi,
665 2076 787 2123 illud
824 2075 1075 2139 quoddam
1113 2076 1405 2122 acerrimum
1437 2073 1626 2122 bellum

282 2170 382 2217 quo
415 2154 594 2217 Pagani
635 2165 681 2201 et
714 2152 978 2201 Christiani
1013 2152 1134 2199 olim
1175 2151 1331 2199 collisi
1371 2162 1488 2199 sunt
1525 2167 1627 2198 non

281 2230 486 2294 paulum
524 2232 726 2294 profecit
765 2242 818 2277 ut
855 2231 904 2277 in
938 2229 1161 2277 Patribus
1194 2239 1451 2292 augeretur
1481 2229 1629 2292 impa-

278 2309 448 2355 tientia
501 2308 687 2364 theatri,
738 2309 805 2355 sic
855 2306 1110 2355 subsimile
1152 2305 1338 2369 aliquid
1381 2306 1627 2353 Bossuetii

280 2384 469 2430 auxisse
497 2384 799 2430 severitatem
823 2398 924 2428 non
952 2381 1257 2428 mediocriter
1273 2379 1475 2427 videtur.
1501 2380 1627 2426 Nam

283 2459 393 2507 licet
417 2460 720 2515 confirmare,
748 2459 994 2506 Bossuetii
1017 2459 1161 2505 etiam
1192 2458 1442 2512 memoria,
1472 2455 1629 2519 quod-

282 2537 393 2584 dam
429 2537 486 2584 de
520 2537 708 2584 theatro
743 2546 1053 2583 commotum
1091 2535 1240 2582 fuisse
1272 2533 1471 2582 bellum.
1507 2535 1628 2581 Lon-

343 2723 377 2748 1.
410 2709 532 2755 Quod
554 2708 717 2747 verbum
736 2709 774 2747 S.
799 2707 1011 2760 Augustini
1033 2716 1103 2746 est.
1131 2708 1179 2746 V.
1204 2707 1330 2755 Max„
1348 2706 1418 2745 XI.
