1930 3294
538 230 635 239 ff„
697 218 701 219 ’
759 204 782 205 ”
833 208 1069 271 -’55-

41 285 218 404 12:3¹3:
271 322 472 372 machae
498 322 798 379 fidelitatem,
835 323 910 371 vel
946 323 1046 371 filia
1081 323 1138 372 ad
1162 323 1442 388 Iphigeniae
1469 323 1617 371 oboe-

270 398 523 456 dientiam,
555 399 639 448 vel·
664 399 847 447 femina
877 399 1137 448 christiana
1167 399 1225 447 ad
1255 399 1426 448 Esther
1452 401 1618 447 incon·

268 493 463 526 cussam
515 476 662 524 fidem
711 493 760 524 se
806 476 989 540 fingere
1039 476 1197 524 nolit?
1245 476 1344 525 Sed
1390 477 1616 540 quamvis

267 554 368 603 sint
406 553 613 602 illustria
644 553 762 601 haec
799 553 1032 618 exempla,
1066 553 1191 601 nihil
1230 553 1412 602 habent
1450 564 1615 602 tamen

176 631 210 686 J
267 629 403 696 quod
438 641 645 679 conatus
678 641 872 678 nostros
906 632 1145 694 reprimat.
1179 631 1307 678 Nam
1339 629 1415 678 vel
1451 631 1499 677 in
1536 629 1617 678 illa

235 726 242 730 “
268 707 618 772 perfectissima
651 708 830 755 virtute
870 708 1033 755 nescio
1072 706 1191 770 quid
1224 706 1362 754 facile
1395 723 1447 754 ac
1486 706 1618 754 blan-

219 789 223 791 ’
266 783 388 832 dum
425 783 827 839 animadvertitur
861 783 996 847 quod
1035 783 1092 831 ad
1133 783 1434 832 suadendam
1470 784 1618 831 virtu-

266 871 368 910 tem
395 877 498 909 non
525 860 834 909 mediocriter
859 859 1053 924 polleat.

329 1014 475 1063 Haud
514 1013 638 1062 mihi
678 1013 879 1078 quidem
918 1015 966 1062 in
1008 1015 1176 1062 animo
1213 1025 1286 1062 est
1317 1014 1376 1062 de
1409 1013 1497 1062 illo
1529 1015 1618 1062 cri-

266 1092 402 1140 mine
425 1091 560 1155 quod
585 1092 636 1138 in
664 1102 859 1155 poetam
888 1107 1027 1155 saepe
1055 1102 1127 1139 est
1149 1091 1398 1156 objectum
1423 1092 1616 1139 reticete

266 1167 468 1218 diutius.
495 1169 622 1216 Nam
648 1185 763 1233 cum
783 1169 1043 1217 Racinium
1068 1169 1192 1216 inter
1215 1184 1390 1216 omnes
1410 1169 1617 1232 tragicos

266 1246 354 1310 qui
400 1235 581 1310 primas
621 1256 778 1309 partes
825 1246 980 1292 amori
1025 1244 1303 1293 tribuerunt
1346 1245 1616 1308 principem

268 1321 436 1377 locum
475 1322 695 1370 obtinere
745 1333 949 1379 constat,
1000 1333 1111 1370 tum
1159 1322 1448 1370 Bossuetius
1497 1322 1615 1385 ipse,

269 1415 422 1448 unam
448 1415 505 1447 ex
527 1400 634 1464 ejus
660 1398 839 1447 fabulis
860 1415 1273 1454 commemorans,
1296 1399 1615 1462 potissimum

265 1476 513 1524 Berenicem
538 1476 748 1524 indicare
779 1475 900 1532 vult,
928 1493 1023 1539 qua
1055 1475 1237 1524 scilicet
1265 1473 1416 1541 hujus
1440 1474 1615 1523 theatri

266 1554 407 1617 quasi
443 1553 828 1601 fundamentum
871 1552 1099 1600 facillime
1141 1552 1441 1617 detegamus.
1476 1553 1618 1600 Dicet

264 1629 466 1679 fortasse
503 1629 680 1694 aliquis
705 1629 845 1677 hanc
886 1629 1184 1693 tragoediam
1224 1645 1344 1686 non,
1394 1640 1448 1676 ut
1495 1628 1615 1677 falso

228 1737 234 1739 f
264 1707 362 1756 fere
384 1707 574 1764 dicitur,
603 1707 816 1756 universi
843 1708 1095 1756 Raciniani
1122 1705 1295 1754 theatri
1324 1707 1614 1754 memoriam

256 1800 510 1841 renovare,
548 1784 631 1832 sed
673 1800 936 1848 paucarum
969 1783 1320 1831 tantummodo
1347 1784 1453 1848 ejus
1479 1783 1616 1832 sabu-

266 1858 439 1909 larum.
480 1862 552 1910 Sit
594 1872 759 1908 tamen
805 1872 857 1908 ut
895 1860 1010 1908 haec
1055 1860 1302 1924 tragoedia
1347 1861 1615 1924 imaginem

265 1939 461 1997 veritati,
497 1939 787 2002 proximam,
827 1937 962 2001 quod
998 1936 1056 1984 ad
1093 1953 1316 1984 amorem
1349 1947 1396 1984 et
1433 1938 1494 1984 in'
1522 1938 1617 2001 pri-

266 2010 362 2071 mis
387 2015 444 2063 ad
472 2016 654 2074 amoris
686 2015 825 2078 quasi
859 2013 1075 2062 colorem
1110 2030 1162 2061 ac
1195 2029 1378 2062 sonum
1409 2014 1614 2077 respicit,

266 2102 532 2140 ceterarum
557 2091 734 2139 reddat.
756 2092 906 2139 Porro
929 2090 997 2138 nil
1020 2107 1135 2138 sane
1156 2090 1366 2138 dubium
1394 2101 1466 2138 est
1493 2091 1613 2154 quin

266 2183 405 2216 amor
424 2169 474 2216 in
495 2169 696 2216 Berenice
708 2197 773 2202 —
789 2169 1060 2232 pariterque
1081 2168 1128 2214 in
1153 2166 1389 2214 omnibus
1402 2167 1617 2215 Racinia-

221 2287 227 2293 .
267 2245 344 2293 nis
388 2245 650 2309 tragoediis
695 2244 779 2292 ubi
828 2261 1057 2308 magnam
1107 2245 1383 2307 argumenti
1429 2254 1614 2307 partem

265 2321 537 2370 obtinet—
557 2321 762 2370 mollius
780 2321 1048 2384 aliquando
1067 2331 1209 2369 sonet
1231 2337 1283 2367 ac
1305 2321 1470 2368 nescio
1494 2319 1613 2383 quid

266 2397 545 2454 delicatum,
580 2400 725 2446 etiam
762 2398 1101 2446 effeminatum
1136 2397 1360 2444 redoleat.
1396 2396 1489 2444 Sed
1521 2396 1614 2444 hoc

268 2474 411 2540 plene
442 2487 489 2523 et
518 2475 766 2523 cumulate
799 2491 1048 2530 concesso,
1083 2473 1304 2522 oblivisci
1341 2490 1441 2521 non
1476 2473 1614 2521 debe·

232 2593 236 2598 .
270 2567 383 2600 mus
419 2568 654 2608 amorem,
693 2553 743 2598 in
780 2551 868 2598 hac
907 2553 1008 2615 ipsa
1051 2551 1251 2598 Berenice
1287 2550 1369 2598 ubi
1409 2566 1612 2598 omnem

202 2634 206 2635 ⁷
269 2628 461 2678 fabulae
503 2630 755 2677 materiam
786 2627 1076 2692 suppeditat,
1108 2644 1221 2674 cum
1252 2643 1427 2675 omnes
1458 2643 1614 2691 perso-
